exchange,symbol,timestamp_ms,iso_time,side,price,size,trade_id
HTX,BTCUSDT,1779221464981,2026-05-19T20:11:04.981000+00:00,buy,76936.26,1.6e-05,103624602600
HTX,BTCUSDT,1779221465553,2026-05-19T20:11:05.553000+00:00,sell,76936.25,2.8e-05,103624602601
HTX,BTCUSDT,1779221467185,2026-05-19T20:11:07.185000+00:00,buy,76936.26,0.023395990395166075,103624602602
HTX,BTCUSDT,1779221470286,2026-05-19T20:11:10.286000+00:00,buy,76936.26,2.5995544883517e-05,103624602603
HTX,BTCUSDT,1779221471796,2026-05-19T20:11:11.796000+00:00,sell,76936.25,0.001993,103624602604
HTX,BTCUSDT,1779221474460,2026-05-19T20:11:14.460000+00:00,sell,76936.25,2.6e-05,103624602605
HTX,BTCUSDT,1779221481503,2026-05-19T20:11:21.503000+00:00,buy,76944.36,1.5595684985878e-05,103624602606
HTX,BTCUSDT,1779221486664,2026-05-19T20:11:26.664000+00:00,sell,76943.67,1.6e-05,103624602607
HTX,BTCUSDT,1779221494321,2026-05-19T20:11:34.321000+00:00,buy,76938.06,1.6e-05,103624602608
HTX,BTCUSDT,1779221500124,2026-05-19T20:11:40.124000+00:00,buy,76938.06,0.000129974683531141,103624602609
HTX,BTCUSDT,1779221504004,2026-05-19T20:11:44.004000+00:00,sell,76938.05,0.000128,103624602610
HTX,BTCUSDT,1779221509117,2026-05-19T20:11:49.117000+00:00,buy,76938.06,0.000129974683531141,103624602611
HTX,BTCUSDT,1779221513041,2026-05-19T20:11:53.041000+00:00,sell,76938.05,0.00013,103624602612
HTX,BTCUSDT,1779221518962,2026-05-19T20:11:58.962000+00:00,buy,76936.76,0.000129976879712636,103624602613
HTX,BTCUSDT,1779221522733,2026-05-19T20:12:02.733000+00:00,sell,76936.75,0.000129,103624602614
HTX,BTCUSDT,1779221527741,2026-05-19T20:12:07.741000+00:00,buy,76936.75,0.000129976896606628,103624602615
HTX,BTCUSDT,1779221531494,2026-05-19T20:12:11.494000+00:00,sell,76936.74,0.00013,103624602616
HTX,BTCUSDT,1779221554987,2026-05-19T20:12:34.987000+00:00,sell,76931.9,0.002319,103624602617
HTX,BTCUSDT,1779221554987,2026-05-19T20:12:34.987000+00:00,sell,76931.9,0.007003,103624602618
HTX,BTCUSDT,1779221558169,2026-05-19T20:12:38.169000+00:00,sell,76919.12,1.6e-05,103624602619
HTX,BTCUSDT,1779221568706,2026-05-19T20:12:48.706000+00:00,sell,76909.28,0.015938,103624602620
HTX,BTCUSDT,1779221569642,2026-05-19T20:12:49.642000+00:00,buy,76909.29,6.5011652038394e-05,103624602621
HTX,BTCUSDT,1779221572907,2026-05-19T20:12:52.907000+00:00,buy,76909.29,0.001199,103624602622
HTX,BTCUSDT,1779221574431,2026-05-19T20:12:54.431000+00:00,sell,76909.28,6.6e-05,103624602623
HTX,BTCUSDT,1779221580345,2026-05-19T20:13:00.345000+00:00,buy,76909.29,1.6e-05,103624602624
HTX,BTCUSDT,1779221583860,2026-05-19T20:13:03.860000+00:00,buy,76913.67,1.6e-05,103624602625
HTX,BTCUSDT,1779221585366,2026-05-19T20:13:05.366000+00:00,buy,76918.57,0.0023,103624602626
HTX,BTCUSDT,1779221587903,2026-05-19T20:13:07.903000+00:00,sell,76930.42,0.079985,103624602627
HTX,BTCUSDT,1779221592174,2026-05-19T20:13:12.174000+00:00,sell,76931.0,0.000389,103624602628
HTX,BTCUSDT,1779221602088,2026-05-19T20:13:22.088000+00:00,sell,76928.8,0.0009,103624602629
HTX,BTCUSDT,1779221602088,2026-05-19T20:13:22.088000+00:00,sell,76928.8,0.05206,103624602630
HTX,BTCUSDT,1779221602088,2026-05-19T20:13:22.088000+00:00,sell,76928.8,0.027025,103624602631
HTX,BTCUSDT,1779221646065,2026-05-19T20:14:06.065000+00:00,buy,76934.79,0.00044903097740307,103624602632
HTX,BTCUSDT,1779221656014,2026-05-19T20:14:16.014000+00:00,buy,76936.75,1.6e-05,103624602633
HTX,BTCUSDT,1779221659134,2026-05-19T20:14:19.134000+00:00,buy,76936.75,0.041618,103624602634
HTX,BTCUSDT,1779221659135,2026-05-19T20:14:19.135000+00:00,buy,76936.75,1.6e-05,103624602635
HTX,BTCUSDT,1779221673154,2026-05-19T20:14:33.154000+00:00,sell,76936.74,0.00512,103624602636
HTX,BTCUSDT,1779221674140,2026-05-19T20:14:34.140000+00:00,buy,76936.75,1.6e-05,103624602637
HTX,BTCUSDT,1779221683847,2026-05-19T20:14:43.847000+00:00,buy,76936.75,0.002414000006498844,103624602638
HTX,BTCUSDT,1779221696886,2026-05-19T20:14:56.886000+00:00,buy,76936.75,1.6e-05,103624602639
HTX,BTCUSDT,1779221700171,2026-05-19T20:15:00.171000+00:00,sell,76936.74,1.6e-05,103624602640
HTX,BTCUSDT,1779221729264,2026-05-19T20:15:29.264000+00:00,buy,76929.75,1.6e-05,103624602641
HTX,BTCUSDT,1779221729266,2026-05-19T20:15:29.266000+00:00,buy,76935.72,0.0025,103624602642
HTX,BTCUSDT,1779221729266,2026-05-19T20:15:29.266000+00:00,buy,76935.75,0.005024,103624602643
HTX,BTCUSDT,1779221729266,2026-05-19T20:15:29.266000+00:00,buy,76935.72,0.013724,103624602644
HTX,BTCUSDT,1779221729312,2026-05-19T20:15:29.312000+00:00,buy,76936.75,0.035888999993501154,103624602645
HTX,BTCUSDT,1779221729312,2026-05-19T20:15:29.312000+00:00,buy,76936.75,0.118682,103624602646
HTX,BTCUSDT,1779221750268,2026-05-19T20:15:50.268000+00:00,sell,76945.16,1.6e-05,103624602647
HTX,BTCUSDT,1779221750673,2026-05-19T20:15:50.673000+00:00,sell,76941.49,0.038118,103624602648
HTX,BTCUSDT,1779221753575,2026-05-19T20:15:53.575000+00:00,sell,76941.49,0.143922,103624602649
HTX,BTCUSDT,1779221753575,2026-05-19T20:15:53.575000+00:00,sell,76941.49,0.029978,103624602650
HTX,BTCUSDT,1779221767506,2026-05-19T20:16:07.506000+00:00,sell,76935.07,0.03,103624602651
HTX,BTCUSDT,1779221767506,2026-05-19T20:16:07.506000+00:00,sell,76934.73,0.1676,103624602652
HTX,BTCUSDT,1779221767506,2026-05-19T20:16:07.506000+00:00,sell,76935.07,0.445667,103624602653
HTX,BTCUSDT,1779221789620,2026-05-19T20:16:29.620000+00:00,buy,76927.44,0.000831,103624602654
HTX,BTCUSDT,1779221793294,2026-05-19T20:16:33.294000+00:00,sell,76927.43,0.001209,103624602655
HTX,BTCUSDT,1779221796766,2026-05-19T20:16:36.766000+00:00,sell,76927.43,0.01745,103624602656
HTX,BTCUSDT,1779221801532,2026-05-19T20:16:41.532000+00:00,sell,76931.61,0.001315,103624602657
HTX,BTCUSDT,1779221807098,2026-05-19T20:16:47.098000+00:00,sell,76931.61,1.6e-05,103624602658
HTX,BTCUSDT,1779221843946,2026-05-19T20:17:23.946000+00:00,buy,76931.62,0.00102,103624602659
HTX,BTCUSDT,1779221846793,2026-05-19T20:17:26.793000+00:00,buy,76931.62,0.000546,103624602660
HTX,BTCUSDT,1779221846800,2026-05-19T20:17:26.800000+00:00,buy,76931.62,0.000786,103624602661
HTX,BTCUSDT,1779221917924,2026-05-19T20:18:37.924000+00:00,buy,76932.5,1.6e-05,103624602662
HTX,BTCUSDT,1779221960796,2026-05-19T20:19:20.796000+00:00,sell,76942.16,1.6e-05,103624602663
HTX,BTCUSDT,1779221961788,2026-05-19T20:19:21.788000+00:00,sell,76932.23,1.6e-05,103624602664
HTX,BTCUSDT,1779222005183,2026-05-19T20:20:05.183000+00:00,buy,76932.24,1.6e-05,103624602665
HTX,BTCUSDT,1779222031029,2026-05-19T20:20:31.029000+00:00,sell,76932.23,1.6e-05,103624602666
HTX,BTCUSDT,1779222031770,2026-05-19T20:20:31.770000+00:00,sell,76932.23,1.6e-05,103624602667
HTX,BTCUSDT,1779222031873,2026-05-19T20:20:31.873000+00:00,sell,76932.23,0.000611,103624602668
HTX,BTCUSDT,1779222031873,2026-05-19T20:20:31.873000+00:00,sell,76932.23,0.011066,103624602669
HTX,BTCUSDT,1779222032837,2026-05-19T20:20:32.837000+00:00,sell,76910.57,0.000524,103624602670
HTX,BTCUSDT,1779222047740,2026-05-19T20:20:47.740000+00:00,sell,76896.83,1.6e-05,103624602671
HTX,BTCUSDT,1779222061894,2026-05-19T20:21:01.894000+00:00,sell,76895.24,0.00208,103624602672
HTX,BTCUSDT,1779222061894,2026-05-19T20:21:01.894000+00:00,sell,76895.24,0.001722,103624602673
HTX,BTCUSDT,1779222067090,2026-05-19T20:21:07.090000+00:00,buy,76895.25,1.6e-05,103624602674
HTX,BTCUSDT,1779222096060,2026-05-19T20:21:36.060000+00:00,buy,76902.6,0.027,103624602675
HTX,BTCUSDT,1779222096156,2026-05-19T20:21:36.156000+00:00,buy,76902.6,1.1e-05,103624602676
HTX,BTCUSDT,1779222096156,2026-05-19T20:21:36.156000+00:00,buy,76902.6,0.122932,103624602677
HTX,BTCUSDT,1779222101853,2026-05-19T20:21:41.853000+00:00,buy,76911.37,0.000267,103624602678
HTX,BTCUSDT,1779222105352,2026-05-19T20:21:45.352000+00:00,sell,76911.36,0.009551,103624602679
HTX,BTCUSDT,1779222117397,2026-05-19T20:21:57.397000+00:00,sell,76911.36,1.6e-05,103624602680
HTX,BTCUSDT,1779222155490,2026-05-19T20:22:35.490000+00:00,buy,76911.37,1.6e-05,103624602681
HTX,BTCUSDT,1779222165004,2026-05-19T20:22:45.004000+00:00,buy,76914.37,0.128675,103624602682
HTX,BTCUSDT,1779222168642,2026-05-19T20:22:48.642000+00:00,buy,76914.37,0.001274,103624602683
HTX,BTCUSDT,1779222175775,2026-05-19T20:22:55.775000+00:00,buy,76914.37,0.001357,103624602684
HTX,BTCUSDT,1779222205794,2026-05-19T20:23:25.794000+00:00,buy,76920.28,0.000891572417573102,103624602685
HTX,BTCUSDT,1779222221013,2026-05-19T20:23:41.013000+00:00,buy,76920.28,1.6e-05,103624602686
HTX,BTCUSDT,1779222263653,2026-05-19T20:24:23.653000+00:00,buy,76920.28,1.6e-05,103624602687
HTX,BTCUSDT,1779222269078,2026-05-19T20:24:29.078000+00:00,sell,76920.27,1.6e-05,103624602688
HTX,BTCUSDT,1779222271165,2026-05-19T20:24:31.165000+00:00,sell,76920.27,0.000133,103624602689
HTX,BTCUSDT,1779222279291,2026-05-19T20:24:39.291000+00:00,buy,76920.28,0.0006,103624602690
HTX,BTCUSDT,1779222283145,2026-05-19T20:24:43.145000+00:00,buy,76922.71,0.001485907087776808,103624602691
HTX,BTCUSDT,1779222295514,2026-05-19T20:24:55.514000+00:00,sell,76927.48,1.6e-05,103624602692
HTX,BTCUSDT,1779222298343,2026-05-19T20:24:58.343000+00:00,sell,76927.48,1.6e-05,103624602693
HTX,BTCUSDT,1779222299528,2026-05-19T20:24:59.528000+00:00,sell,76916.95,1.6e-05,103624602694
HTX,BTCUSDT,1779222307279,2026-05-19T20:25:07.279000+00:00,buy,76908.99,1.6e-05,103624602695
HTX,BTCUSDT,1779222364749,2026-05-19T20:26:04.749000+00:00,buy,76927.48,0.001789569761026878,103624602696
HTX,BTCUSDT,1779222366389,2026-05-19T20:26:06.389000+00:00,buy,76930.16,7.1677719375599e-05,103624602697
HTX,BTCUSDT,1779222416824,2026-05-19T20:26:56.824000+00:00,buy,76940.57,0.117148,103624602698
HTX,BTCUSDT,1779222416824,2026-05-19T20:26:56.824000+00:00,buy,76940.57,0.09392,103624602699
HTX,BTCUSDT,1779222416824,2026-05-19T20:26:56.824000+00:00,buy,76940.57,0.052068,103624602700
HTX,BTCUSDT,1779222416824,2026-05-19T20:26:56.824000+00:00,buy,76940.57,0.0823,103624602701
HTX,BTCUSDT,1779222416824,2026-05-19T20:26:56.824000+00:00,buy,76940.57,0.747543,103624602702
HTX,BTCUSDT,1779222416824,2026-05-19T20:26:56.824000+00:00,buy,76940.57,0.2068680195892752,103624602703
HTX,BTCUSDT,1779222425270,2026-05-19T20:27:05.270000+00:00,buy,76940.57,1.6e-05,103624602704
HTX,BTCUSDT,1779222440511,2026-05-19T20:27:20.511000+00:00,sell,76940.56,0.00446,103624602705
HTX,BTCUSDT,1779222440517,2026-05-19T20:27:20.517000+00:00,sell,76940.56,0.46208,103624602706
HTX,BTCUSDT,1779222440585,2026-05-19T20:27:20.585000+00:00,sell,76933.91,0.002175,103624602707
HTX,BTCUSDT,1779222440585,2026-05-19T20:27:20.585000+00:00,sell,76933.91,0.009054,103624602708
HTX,BTCUSDT,1779222448709,2026-05-19T20:27:28.709000+00:00,buy,76924.93,0.00109312759855615,103624602709
HTX,BTCUSDT,1779222449279,2026-05-19T20:27:29.279000+00:00,sell,76924.92,1.6e-05,103624602710
HTX,BTCUSDT,1779222455944,2026-05-19T20:27:35.944000+00:00,buy,76924.93,0.00218,103624602711
HTX,BTCUSDT,1779222462336,2026-05-19T20:27:42.336000+00:00,sell,76924.92,1.6e-05,103624602712
HTX,BTCUSDT,1779222494173,2026-05-19T20:28:14.173000+00:00,sell,76924.92,1.6e-05,103624602713
HTX,BTCUSDT,1779222507091,2026-05-19T20:28:27.091000+00:00,sell,76921.95,1.6e-05,103624602714
HTX,BTCUSDT,1779222535572,2026-05-19T20:28:55.572000+00:00,sell,76921.95,0.002064,103624602715
HTX,BTCUSDT,1779222535572,2026-05-19T20:28:55.572000+00:00,sell,76921.95,0.017682,103624602716
HTX,BTCUSDT,1779222560240,2026-05-19T20:29:20.240000+00:00,sell,76911.04,1.6e-05,103624602717
HTX,BTCUSDT,1779222561471,2026-05-19T20:29:21.471000+00:00,sell,76911.04,0.013115,103624602718
HTX,BTCUSDT,1779222588235,2026-05-19T20:29:48.235000+00:00,sell,76911.04,0.01617,103624602719
HTX,BTCUSDT,1779222599552,2026-05-19T20:29:59.552000+00:00,buy,76911.05,0.0021,103624602720
HTX,BTCUSDT,1779222602520,2026-05-19T20:30:02.520000+00:00,buy,76921.46,1.6e-05,103624602721
HTX,BTCUSDT,1779222607883,2026-05-19T20:30:07.883000+00:00,sell,76927.64,0.002599,103624602722
HTX,BTCUSDT,1779222617041,2026-05-19T20:30:17.041000+00:00,buy,76927.65,0.001298999826460316,103624602723
HTX,BTCUSDT,1779222629346,2026-05-19T20:30:29.346000+00:00,sell,76927.64,0.020573,103624602724
HTX,BTCUSDT,1779222643392,2026-05-19T20:30:43.392000+00:00,buy,76927.65,6.3e-05,103624602725
HTX,BTCUSDT,1779222643392,2026-05-19T20:30:43.392000+00:00,buy,76927.65,0.0389346815878296,103624602726
HTX,BTCUSDT,1779222645690,2026-05-19T20:30:45.690000+00:00,buy,76941.81,0.004,103624602727
HTX,BTCUSDT,1779222645694,2026-05-19T20:30:45.694000+00:00,buy,76941.81,9.2e-05,103624602728
HTX,BTCUSDT,1779222645694,2026-05-19T20:30:45.694000+00:00,buy,76943.29,0.004008,103624602729
HTX,BTCUSDT,1779222645694,2026-05-19T20:30:45.694000+00:00,buy,76941.81,0.017323,103624602730
HTX,BTCUSDT,1779222649700,2026-05-19T20:30:49.700000+00:00,buy,76942.95,1.6e-05,103624602731
HTX,BTCUSDT,1779222654938,2026-05-19T20:30:54.938000+00:00,sell,76957.66,0.011902,103624602732
HTX,BTCUSDT,1779222664952,2026-05-19T20:31:04.952000+00:00,buy,76957.67,0.001609778938473579,103624602733
HTX,BTCUSDT,1779222689858,2026-05-19T20:31:29.858000+00:00,sell,76957.66,0.00105,103624602734
HTX,BTCUSDT,1779222698347,2026-05-19T20:31:38.347000+00:00,sell,76945.91,0.03,103624602735
HTX,BTCUSDT,1779222698347,2026-05-19T20:31:38.347000+00:00,sell,76945.91,7.096844,103624602736
HTX,BTCUSDT,1779222703737,2026-05-19T20:31:43.737000+00:00,sell,76935.91,0.004007,103624602737
HTX,BTCUSDT,1779222703737,2026-05-19T20:31:43.737000+00:00,sell,76935.91,0.009206,103624602738
HTX,BTCUSDT,1779222715232,2026-05-19T20:31:55.232000+00:00,sell,76935.84,0.004,103624602739
HTX,BTCUSDT,1779222715234,2026-05-19T20:31:55.234000+00:00,sell,76935.84,9.1e-05,103624602740
HTX,BTCUSDT,1779222715234,2026-05-19T20:31:55.234000+00:00,sell,76935.84,0.021167,103624602741
HTX,BTCUSDT,1779222718443,2026-05-19T20:31:58.443000+00:00,sell,76922.06,0.002,103624602742
HTX,BTCUSDT,1779222726432,2026-05-19T20:32:06.432000+00:00,sell,76922.06,0.00065,103624602743
HTX,BTCUSDT,1779222731440,2026-05-19T20:32:11.440000+00:00,buy,76922.07,1.6476685949819e-05,103624602744
HTX,BTCUSDT,1779222758959,2026-05-19T20:32:38.959000+00:00,sell,76922.06,0.052063,103624602745
HTX,BTCUSDT,1779222758959,2026-05-19T20:32:38.959000+00:00,sell,76922.06,0.027837,103624602746
HTX,BTCUSDT,1779222766662,2026-05-19T20:32:46.662000+00:00,sell,76922.06,0.00731,103624602747
HTX,BTCUSDT,1779222787455,2026-05-19T20:33:07.455000+00:00,buy,76922.07,0.01,103624602748
HTX,BTCUSDT,1779222824021,2026-05-19T20:33:44.021000+00:00,buy,76927.57,1.2999240714349e-05,103624602749
HTX,BTCUSDT,1779222824025,2026-05-19T20:33:44.025000+00:00,buy,76927.57,1.2999240714349e-05,103624602750
HTX,BTCUSDT,1779222824029,2026-05-19T20:33:44.029000+00:00,buy,76927.57,1.2999240714349e-05,103624602751
HTX,BTCUSDT,1779222824030,2026-05-19T20:33:44.030000+00:00,buy,76927.57,1.2999240714349e-05,103624602752
HTX,BTCUSDT,1779222824032,2026-05-19T20:33:44.032000+00:00,buy,76927.57,1.2999240714349e-05,103624602753
HTX,BTCUSDT,1779222824034,2026-05-19T20:33:44.034000+00:00,buy,76927.57,1.2999240714349e-05,103624602754
HTX,BTCUSDT,1779222824036,2026-05-19T20:33:44.036000+00:00,buy,76927.57,1.2999240714349e-05,103624602755
HTX,BTCUSDT,1779222824039,2026-05-19T20:33:44.039000+00:00,buy,76927.57,1.2999240714349e-05,103624602756
HTX,BTCUSDT,1779222824044,2026-05-19T20:33:44.044000+00:00,buy,76927.57,1.2999240714349e-05,103624602757
HTX,BTCUSDT,1779222824050,2026-05-19T20:33:44.050000+00:00,buy,76927.57,1.2999240714349e-05,103624602758
HTX,BTCUSDT,1779222824053,2026-05-19T20:33:44.053000+00:00,buy,76927.57,1.2999240714349e-05,103624602759
HTX,BTCUSDT,1779222824056,2026-05-19T20:33:44.056000+00:00,buy,76927.57,1.2999240714349e-05,103624602760
HTX,BTCUSDT,1779222824071,2026-05-19T20:33:44.071000+00:00,buy,76927.57,1.2999240714349e-05,103624602761
HTX,BTCUSDT,1779222824084,2026-05-19T20:33:44.084000+00:00,buy,76927.57,1.2999240714349e-05,103624602762
HTX,BTCUSDT,1779222824193,2026-05-19T20:33:44.193000+00:00,buy,76927.57,1.2999240714349e-05,103624602763
HTX,BTCUSDT,1779222826041,2026-05-19T20:33:46.041000+00:00,buy,76927.57,0.001803000003769779,103624602764
HTX,BTCUSDT,1779222831035,2026-05-19T20:33:51.035000+00:00,sell,76927.56,1.2e-05,103624602765
HTX,BTCUSDT,1779222831045,2026-05-19T20:33:51.045000+00:00,sell,76927.56,1.2e-05,103624602766
HTX,BTCUSDT,1779222831054,2026-05-19T20:33:51.054000+00:00,sell,76927.56,1.2e-05,103624602767
HTX,BTCUSDT,1779222831054,2026-05-19T20:33:51.054000+00:00,sell,76927.56,1.2e-05,103624602768
HTX,BTCUSDT,1779222831056,2026-05-19T20:33:51.056000+00:00,sell,76927.56,1.2e-05,103624602769
HTX,BTCUSDT,1779222831056,2026-05-19T20:33:51.056000+00:00,sell,76927.56,1.2e-05,103624602770
HTX,BTCUSDT,1779222831056,2026-05-19T20:33:51.056000+00:00,sell,76927.56,1.2e-05,103624602771
HTX,BTCUSDT,1779222831061,2026-05-19T20:33:51.061000+00:00,sell,76927.56,1.2e-05,103624602772
HTX,BTCUSDT,1779222831067,2026-05-19T20:33:51.067000+00:00,sell,76927.56,1.2e-05,103624602773
HTX,BTCUSDT,1779222831069,2026-05-19T20:33:51.069000+00:00,sell,76927.56,1.2e-05,103624602774
HTX,BTCUSDT,1779222831072,2026-05-19T20:33:51.072000+00:00,sell,76927.56,1.2e-05,103624602775
HTX,BTCUSDT,1779222831081,2026-05-19T20:33:51.081000+00:00,sell,76927.56,1.2e-05,103624602776
HTX,BTCUSDT,1779222831195,2026-05-19T20:33:51.195000+00:00,sell,76927.56,1.2e-05,103624602777
HTX,BTCUSDT,1779222831231,2026-05-19T20:33:51.231000+00:00,sell,76927.56,1.2e-05,103624602778
HTX,BTCUSDT,1779222831238,2026-05-19T20:33:51.238000+00:00,sell,76927.56,1.2e-05,103624602779
HTX,BTCUSDT,1779222841769,2026-05-19T20:34:01.769000+00:00,sell,76927.56,1.6e-05,103624602780
HTX,BTCUSDT,1779222862235,2026-05-19T20:34:22.235000+00:00,buy,76927.57,1.6e-05,103624602781
HTX,BTCUSDT,1779222890668,2026-05-19T20:34:50.668000+00:00,buy,76933.28,1.6e-05,103624602782
HTX,BTCUSDT,1779222890671,2026-05-19T20:34:50.671000+00:00,buy,76933.28,0.000508,103624602783
HTX,BTCUSDT,1779222890671,2026-05-19T20:34:50.671000+00:00,buy,76933.28,0.001939,103624602784
HTX,BTCUSDT,1779222980141,2026-05-19T20:36:20.141000+00:00,buy,76954.74,0.003519,103624602785
HTX,BTCUSDT,1779222991503,2026-05-19T20:36:31.503000+00:00,sell,76954.73,1.6e-05,103624602786
HTX,BTCUSDT,1779223001094,2026-05-19T20:36:41.094000+00:00,buy,76954.74,0.002722999648884526,103624602787
HTX,BTCUSDT,1779223007969,2026-05-19T20:36:47.969000+00:00,buy,76954.74,1.6e-05,103624602788
HTX,BTCUSDT,1779223018009,2026-05-19T20:36:58.009000+00:00,buy,76954.74,0.000389839534250911,103624602789
HTX,BTCUSDT,1779223024642,2026-05-19T20:37:04.642000+00:00,sell,76959.09,0.000386,103624602790
HTX,BTCUSDT,1779223097799,2026-05-19T20:38:17.799000+00:00,buy,76966.0,1.6e-05,103624602791
HTX,BTCUSDT,1779223099045,2026-05-19T20:38:19.045000+00:00,buy,76966.0,0.0835,103624602792
HTX,BTCUSDT,1779223112860,2026-05-19T20:38:32.860000+00:00,buy,76966.0,1.6e-05,103624602793
HTX,BTCUSDT,1779223126995,2026-05-19T20:38:46.995000+00:00,sell,76965.99,0.0425,103624602794
HTX,BTCUSDT,1779223132540,2026-05-19T20:38:52.540000+00:00,buy,76966.0,1.6e-05,103624602795
HTX,BTCUSDT,1779223140607,2026-05-19T20:39:00.607000+00:00,buy,76966.0,9e-06,103624602796
HTX,BTCUSDT,1779223140607,2026-05-19T20:39:00.607000+00:00,buy,76979.01,0.001199123059649636,103624602797
HTX,BTCUSDT,1779223140607,2026-05-19T20:39:00.607000+00:00,buy,76966.0,4.5e-05,103624602798
HTX,BTCUSDT,1779223141763,2026-05-19T20:39:01.763000+00:00,sell,76979.0,0.018706,103624602799
HTX,BTCUSDT,1779223141763,2026-05-19T20:39:01.763000+00:00,sell,76979.0,0.004685,103624602800
HTX,BTCUSDT,1779223141763,2026-05-19T20:39:01.763000+00:00,sell,76979.0,2e-05,103624602801
HTX,BTCUSDT,1779223141763,2026-05-19T20:39:01.763000+00:00,sell,76979.0,0.020523,103624602802
HTX,BTCUSDT,1779223158693,2026-05-19T20:39:18.693000+00:00,buy,76979.01,0.00138,103624602803
HTX,BTCUSDT,1779223163702,2026-05-19T20:39:23.702000+00:00,buy,76979.01,1.6e-05,103624602804
HTX,BTCUSDT,1779223167171,2026-05-19T20:39:27.171000+00:00,sell,76979.0,1.6e-05,103624602805
HTX,BTCUSDT,1779223173238,2026-05-19T20:39:33.238000+00:00,buy,76976.05,0.00432,103624602806
HTX,BTCUSDT,1779223224935,2026-05-19T20:40:24.935000+00:00,sell,76970.11,0.002687,103624602807
HTX,BTCUSDT,1779223236214,2026-05-19T20:40:36.214000+00:00,buy,76970.12,1.2992054579101e-05,103624602808
HTX,BTCUSDT,1779223236217,2026-05-19T20:40:36.217000+00:00,buy,76970.12,1.2992054579101e-05,103624602809
HTX,BTCUSDT,1779223236219,2026-05-19T20:40:36.219000+00:00,buy,76970.12,1.2992054579101e-05,103624602810
HTX,BTCUSDT,1779223236220,2026-05-19T20:40:36.220000+00:00,buy,76970.12,1.2992054579101e-05,103624602811
HTX,BTCUSDT,1779223236223,2026-05-19T20:40:36.223000+00:00,buy,76970.12,1.2992054579101e-05,103624602812
HTX,BTCUSDT,1779223236224,2026-05-19T20:40:36.224000+00:00,buy,76970.12,1.2992054579101e-05,103624602813
HTX,BTCUSDT,1779223236226,2026-05-19T20:40:36.226000+00:00,buy,76970.12,1.2992054579101e-05,103624602814
HTX,BTCUSDT,1779223236228,2026-05-19T20:40:36.228000+00:00,buy,76970.12,1.2992054579101e-05,103624602815
HTX,BTCUSDT,1779223236230,2026-05-19T20:40:36.230000+00:00,buy,76970.12,1.2992054579101e-05,103624602816
HTX,BTCUSDT,1779223236230,2026-05-19T20:40:36.230000+00:00,buy,76970.12,1.2992054579101e-05,103624602817
HTX,BTCUSDT,1779223236233,2026-05-19T20:40:36.233000+00:00,buy,76970.12,1.2992054579101e-05,103624602818
HTX,BTCUSDT,1779223236233,2026-05-19T20:40:36.233000+00:00,buy,76970.12,1.2992054579101e-05,103624602819
HTX,BTCUSDT,1779223236234,2026-05-19T20:40:36.234000+00:00,buy,76970.12,1.2992054579101e-05,103624602820
HTX,BTCUSDT,1779223236240,2026-05-19T20:40:36.240000+00:00,buy,76970.12,1.2992054579101e-05,103624602821
HTX,BTCUSDT,1779223236241,2026-05-19T20:40:36.241000+00:00,buy,76970.12,1.2992054579101e-05,103624602822
HTX,BTCUSDT,1779223236244,2026-05-19T20:40:36.244000+00:00,buy,76970.12,1.2992054579101e-05,103624602823
HTX,BTCUSDT,1779223236389,2026-05-19T20:40:36.389000+00:00,buy,76970.12,1.2992054579101e-05,103624602824
HTX,BTCUSDT,1779223236389,2026-05-19T20:40:36.389000+00:00,buy,76970.12,1.2992054579101e-05,103624602825
HTX,BTCUSDT,1779223236394,2026-05-19T20:40:36.394000+00:00,buy,76970.12,1.2992054579101e-05,103624602826
HTX,BTCUSDT,1779223236408,2026-05-19T20:40:36.408000+00:00,buy,76970.12,1.2992054579101e-05,103624602827
HTX,BTCUSDT,1779223236721,2026-05-19T20:40:36.721000+00:00,sell,76970.11,0.001106,103624602828
HTX,BTCUSDT,1779223239846,2026-05-19T20:40:39.846000+00:00,sell,76970.11,1.6e-05,103624602829
HTX,BTCUSDT,1779223239848,2026-05-19T20:40:39.848000+00:00,sell,76970.11,0.007712,103624602830
HTX,BTCUSDT,1779223239848,2026-05-19T20:40:39.848000+00:00,sell,76970.11,0.481776,103624602831
HTX,BTCUSDT,1779223240706,2026-05-19T20:40:40.706000+00:00,sell,76951.98,1.2e-05,103624602832
HTX,BTCUSDT,1779223240711,2026-05-19T20:40:40.711000+00:00,sell,76951.98,1.2e-05,103624602833
HTX,BTCUSDT,1779223240713,2026-05-19T20:40:40.713000+00:00,sell,76951.98,1.2e-05,103624602834
HTX,BTCUSDT,1779223240714,2026-05-19T20:40:40.714000+00:00,sell,76951.98,1.2e-05,103624602835
HTX,BTCUSDT,1779223240717,2026-05-19T20:40:40.717000+00:00,sell,76951.98,1.2e-05,103624602836
HTX,BTCUSDT,1779223240721,2026-05-19T20:40:40.721000+00:00,sell,76951.98,1.2e-05,103624602837
HTX,BTCUSDT,1779223240721,2026-05-19T20:40:40.721000+00:00,sell,76951.98,1.2e-05,103624602838
HTX,BTCUSDT,1779223240721,2026-05-19T20:40:40.721000+00:00,sell,76951.98,1.2e-05,103624602839
HTX,BTCUSDT,1779223240723,2026-05-19T20:40:40.723000+00:00,sell,76951.98,1.2e-05,103624602840
HTX,BTCUSDT,1779223240723,2026-05-19T20:40:40.723000+00:00,sell,76951.98,1.2e-05,103624602841
HTX,BTCUSDT,1779223240723,2026-05-19T20:40:40.723000+00:00,sell,76951.98,1.2e-05,103624602842
HTX,BTCUSDT,1779223240729,2026-05-19T20:40:40.729000+00:00,sell,76951.98,1.2e-05,103624602843
HTX,BTCUSDT,1779223240730,2026-05-19T20:40:40.730000+00:00,sell,76951.98,1.2e-05,103624602844
HTX,BTCUSDT,1779223240730,2026-05-19T20:40:40.730000+00:00,sell,76951.98,1.2e-05,103624602845
HTX,BTCUSDT,1779223240736,2026-05-19T20:40:40.736000+00:00,sell,76951.98,1.2e-05,103624602846
HTX,BTCUSDT,1779223240736,2026-05-19T20:40:40.736000+00:00,sell,76951.98,1.2e-05,103624602847
HTX,BTCUSDT,1779223240756,2026-05-19T20:40:40.756000+00:00,sell,76951.98,1.2e-05,103624602848
HTX,BTCUSDT,1779223240779,2026-05-19T20:40:40.779000+00:00,sell,76951.98,1.2e-05,103624602849
HTX,BTCUSDT,1779223240885,2026-05-19T20:40:40.885000+00:00,sell,76951.98,1.2e-05,103624602850
HTX,BTCUSDT,1779223240940,2026-05-19T20:40:40.940000+00:00,sell,76951.98,1.2e-05,103624602851
HTX,BTCUSDT,1779223248429,2026-05-19T20:40:48.429000+00:00,buy,76951.99,0.11140446233489218,103624602852
HTX,BTCUSDT,1779223270580,2026-05-19T20:41:10.580000+00:00,sell,76951.98,1.6e-05,103624602853
HTX,BTCUSDT,1779223272232,2026-05-19T20:41:12.232000+00:00,buy,76951.99,0.000609,103624602854
HTX,BTCUSDT,1779223272411,2026-05-19T20:41:12.411000+00:00,sell,76951.98,0.001823,103624602855
HTX,BTCUSDT,1779223287978,2026-05-19T20:41:27.978000+00:00,sell,76946.29,0.07993,103624602856
HTX,BTCUSDT,1779223292920,2026-05-19T20:41:32.920000+00:00,buy,76946.3,0.03898822945352798,103624602857
HTX,BTCUSDT,1779223303577,2026-05-19T20:41:43.577000+00:00,sell,76946.29,0.065052,103624602858
HTX,BTCUSDT,1779223311471,2026-05-19T20:41:51.471000+00:00,buy,76942.85,1.6e-05,103624602859
HTX,BTCUSDT,1779223311544,2026-05-19T20:41:51.544000+00:00,sell,76942.84,0.04959,103624602860
HTX,BTCUSDT,1779223318156,2026-05-19T20:41:58.156000+00:00,sell,76943.53,0.037535,103624602861
HTX,BTCUSDT,1779223318156,2026-05-19T20:41:58.156000+00:00,sell,76943.53,0.042451,103624602862
HTX,BTCUSDT,1779223333247,2026-05-19T20:42:13.247000+00:00,sell,76941.36,0.002079,103624602863
HTX,BTCUSDT,1779223333247,2026-05-19T20:42:13.247000+00:00,sell,76941.36,0.009585,103624602864
HTX,BTCUSDT,1779223346597,2026-05-19T20:42:26.597000+00:00,sell,76930.93,1.6e-05,103624602865
HTX,BTCUSDT,1779223375838,2026-05-19T20:42:55.838000+00:00,sell,76930.43,1.6e-05,103624602866
HTX,BTCUSDT,1779223383109,2026-05-19T20:43:03.109000+00:00,sell,76930.43,0.029984,103624602867
HTX,BTCUSDT,1779223383109,2026-05-19T20:43:03.109000+00:00,sell,76930.43,0.048121,103624602868
HTX,BTCUSDT,1779223383117,2026-05-19T20:43:03.117000+00:00,sell,76930.43,0.0073,103624602869
HTX,BTCUSDT,1779223444275,2026-05-19T20:44:04.275000+00:00,buy,76930.44,1.6e-05,103624602870
HTX,BTCUSDT,1779223466977,2026-05-19T20:44:26.977000+00:00,sell,76934.26,0.019497,103624602871
HTX,BTCUSDT,1779223478786,2026-05-19T20:44:38.786000+00:00,sell,76934.26,0.032563,103624602872
HTX,BTCUSDT,1779223485054,2026-05-19T20:44:45.054000+00:00,buy,76930.29,0.000962049642605012,103624602873
HTX,BTCUSDT,1779223496984,2026-05-19T20:44:56.984000+00:00,sell,76930.28,0.03,103624602874
HTX,BTCUSDT,1779223496984,2026-05-19T20:44:56.984000+00:00,sell,76930.28,0.193636,103624602875
HTX,BTCUSDT,1779223499975,2026-05-19T20:44:59.975000+00:00,buy,76930.29,0.00113499985506359,103624602876
HTX,BTCUSDT,1779223541478,2026-05-19T20:45:41.478000+00:00,sell,76940.49,1.6e-05,103624602877
HTX,BTCUSDT,1779223574846,2026-05-19T20:46:14.846000+00:00,buy,76949.11,1.6e-05,103624602878
HTX,BTCUSDT,1779223591379,2026-05-19T20:46:31.379000+00:00,buy,76959.32,1.2993877804533e-05,103624602879
HTX,BTCUSDT,1779223591384,2026-05-19T20:46:31.384000+00:00,buy,76959.32,1.2993877804533e-05,103624602880
HTX,BTCUSDT,1779223591385,2026-05-19T20:46:31.385000+00:00,buy,76959.32,1.2993877804533e-05,103624602881
HTX,BTCUSDT,1779223591386,2026-05-19T20:46:31.386000+00:00,buy,76959.32,1.2993877804533e-05,103624602882
HTX,BTCUSDT,1779223591387,2026-05-19T20:46:31.387000+00:00,buy,76959.32,1.2993877804533e-05,103624602883
HTX,BTCUSDT,1779223591388,2026-05-19T20:46:31.388000+00:00,buy,76959.32,1.2993877804533e-05,103624602884
HTX,BTCUSDT,1779223591391,2026-05-19T20:46:31.391000+00:00,buy,76959.32,1.2993877804533e-05,103624602885
HTX,BTCUSDT,1779223591392,2026-05-19T20:46:31.392000+00:00,buy,76959.32,1.2993877804533e-05,103624602886
HTX,BTCUSDT,1779223591397,2026-05-19T20:46:31.397000+00:00,buy,76959.32,1.2993877804533e-05,103624602887
HTX,BTCUSDT,1779223591401,2026-05-19T20:46:31.401000+00:00,buy,76959.32,1.2993877804533e-05,103624602888
HTX,BTCUSDT,1779223591402,2026-05-19T20:46:31.402000+00:00,buy,76959.32,1.2993877804533e-05,103624602889
HTX,BTCUSDT,1779223591406,2026-05-19T20:46:31.406000+00:00,buy,76959.32,1.2993877804533e-05,103624602890
HTX,BTCUSDT,1779223591422,2026-05-19T20:46:31.422000+00:00,buy,76959.32,1.2993877804533e-05,103624602891
HTX,BTCUSDT,1779223591454,2026-05-19T20:46:31.454000+00:00,buy,76959.32,1.2993877804533e-05,103624602892
HTX,BTCUSDT,1779223591462,2026-05-19T20:46:31.462000+00:00,buy,76959.32,1.2993877804533e-05,103624602893
HTX,BTCUSDT,1779223591494,2026-05-19T20:46:31.494000+00:00,buy,76959.32,1.2993877804533e-05,103624602894
HTX,BTCUSDT,1779223591542,2026-05-19T20:46:31.542000+00:00,buy,76959.32,1.2993877804533e-05,103624602895
HTX,BTCUSDT,1779223591575,2026-05-19T20:46:31.575000+00:00,buy,76959.32,1.2993877804533e-05,103624602896
HTX,BTCUSDT,1779223592408,2026-05-19T20:46:32.408000+00:00,buy,76959.32,1.2993877804533e-05,103624602897
HTX,BTCUSDT,1779223592461,2026-05-19T20:46:32.461000+00:00,buy,76959.32,1.2993877804533e-05,103624602898
HTX,BTCUSDT,1779223596076,2026-05-19T20:46:36.076000+00:00,sell,76959.31,1.2e-05,103624602899
HTX,BTCUSDT,1779223596080,2026-05-19T20:46:36.080000+00:00,sell,76959.31,8e-06,103624602900
HTX,BTCUSDT,1779223596080,2026-05-19T20:46:36.080000+00:00,sell,76959.31,4e-06,103624602901
HTX,BTCUSDT,1779223596081,2026-05-19T20:46:36.081000+00:00,sell,76959.31,1.2e-05,103624602902
HTX,BTCUSDT,1779223596085,2026-05-19T20:46:36.085000+00:00,sell,76959.31,1.2e-05,103624602903
HTX,BTCUSDT,1779223596086,2026-05-19T20:46:36.086000+00:00,sell,76959.31,1.2e-05,103624602904
HTX,BTCUSDT,1779223596090,2026-05-19T20:46:36.090000+00:00,sell,76959.31,1.2e-05,103624602905
HTX,BTCUSDT,1779223596091,2026-05-19T20:46:36.091000+00:00,sell,76959.31,1.2e-05,103624602906
HTX,BTCUSDT,1779223596092,2026-05-19T20:46:36.092000+00:00,sell,76959.31,1.2e-05,103624602907
HTX,BTCUSDT,1779223596093,2026-05-19T20:46:36.093000+00:00,sell,76959.31,1.2e-05,103624602908
HTX,BTCUSDT,1779223596093,2026-05-19T20:46:36.093000+00:00,sell,76959.31,1.2e-05,103624602909
HTX,BTCUSDT,1779223596093,2026-05-19T20:46:36.093000+00:00,sell,76959.31,1.2e-05,103624602910
HTX,BTCUSDT,1779223596093,2026-05-19T20:46:36.093000+00:00,sell,76959.31,1.2e-05,103624602911
HTX,BTCUSDT,1779223596094,2026-05-19T20:46:36.094000+00:00,sell,76959.31,1.2e-05,103624602912
HTX,BTCUSDT,1779223596096,2026-05-19T20:46:36.096000+00:00,sell,76959.31,1.2e-05,103624602913
HTX,BTCUSDT,1779223596096,2026-05-19T20:46:36.096000+00:00,sell,76959.31,1.2e-05,103624602914
HTX,BTCUSDT,1779223596097,2026-05-19T20:46:36.097000+00:00,sell,76959.31,1.2e-05,103624602915
HTX,BTCUSDT,1779223596098,2026-05-19T20:46:36.098000+00:00,sell,76959.31,1.2e-05,103624602916
HTX,BTCUSDT,1779223596106,2026-05-19T20:46:36.106000+00:00,sell,76959.31,1.2e-05,103624602917
HTX,BTCUSDT,1779223596106,2026-05-19T20:46:36.106000+00:00,sell,76959.31,1.2e-05,103624602918
HTX,BTCUSDT,1779223596115,2026-05-19T20:46:36.115000+00:00,sell,76959.31,1.2e-05,103624602919
HTX,BTCUSDT,1779223613830,2026-05-19T20:46:53.830000+00:00,buy,76959.32,1.6e-05,103624602920
HTX,BTCUSDT,1779223620076,2026-05-19T20:47:00.076000+00:00,buy,76971.2,0.002665588518822624,103624602921
HTX,BTCUSDT,1779223620854,2026-05-19T20:47:00.854000+00:00,sell,76970.74,0.000597,103624602922
HTX,BTCUSDT,1779223627678,2026-05-19T20:47:07.678000+00:00,buy,76972.36,1.6e-05,103624602923
HTX,BTCUSDT,1779223634415,2026-05-19T20:47:14.415000+00:00,buy,76978.19,0.000228474771750284,103624602924
HTX,BTCUSDT,1779223641917,2026-05-19T20:47:21.917000+00:00,buy,76978.19,1.6e-05,103624602925
HTX,BTCUSDT,1779223644852,2026-05-19T20:47:24.852000+00:00,buy,76978.19,1.6e-05,103624602926
HTX,BTCUSDT,1779223662133,2026-05-19T20:47:42.133000+00:00,buy,76978.19,5.3525228249716e-05,103624602927
HTX,BTCUSDT,1779223662133,2026-05-19T20:47:42.133000+00:00,buy,76978.19,2e-05,103624602928
HTX,BTCUSDT,1779223673469,2026-05-19T20:47:53.469000+00:00,buy,76982.04,0.005792836907283828,103624602929
HTX,BTCUSDT,1779223684822,2026-05-19T20:48:04.822000+00:00,buy,76986.51,1.6e-05,103624602930
HTX,BTCUSDT,1779223707245,2026-05-19T20:48:27.245000+00:00,sell,76989.5,0.002529,103624602931
HTX,BTCUSDT,1779223721645,2026-05-19T20:48:41.645000+00:00,sell,76989.5,1.6e-05,103624602932
HTX,BTCUSDT,1779223722975,2026-05-19T20:48:42.975000+00:00,sell,76986.5,0.0008,103624602933
HTX,BTCUSDT,1779223722975,2026-05-19T20:48:42.975000+00:00,sell,76986.5,0.002502,103624602934
HTX,BTCUSDT,1779223740096,2026-05-19T20:49:00.096000+00:00,buy,76969.43,1.6e-05,103624602935
HTX,BTCUSDT,1779223745091,2026-05-19T20:49:05.091000+00:00,buy,76979.45,0.000697,103624602936
HTX,BTCUSDT,1779223752903,2026-05-19T20:49:12.903000+00:00,buy,76976.24,0.025982043290241248,103624602937
HTX,BTCUSDT,1779223819865,2026-05-19T20:50:19.865000+00:00,sell,76981.66,1.6e-05,103624602938
HTX,BTCUSDT,1779223849559,2026-05-19T20:50:49.559000+00:00,buy,76984.64,0.005494,103624602939
HTX,BTCUSDT,1779223878876,2026-05-19T20:51:18.876000+00:00,buy,76989.04,1.2988861791236e-05,103624602940
HTX,BTCUSDT,1779223878885,2026-05-19T20:51:18.885000+00:00,buy,76989.04,1.2988861791236e-05,103624602941
HTX,BTCUSDT,1779223878888,2026-05-19T20:51:18.888000+00:00,buy,76989.04,1.2988861791236e-05,103624602942
HTX,BTCUSDT,1779223878888,2026-05-19T20:51:18.888000+00:00,buy,76989.04,1.2988861791236e-05,103624602943
HTX,BTCUSDT,1779223878892,2026-05-19T20:51:18.892000+00:00,buy,76989.04,1.2988861791236e-05,103624602944
HTX,BTCUSDT,1779223878893,2026-05-19T20:51:18.893000+00:00,buy,76989.04,1.2988861791236e-05,103624602945
HTX,BTCUSDT,1779223878895,2026-05-19T20:51:18.895000+00:00,buy,76989.04,1.2988861791236e-05,103624602946
HTX,BTCUSDT,1779223878896,2026-05-19T20:51:18.896000+00:00,buy,76989.04,1.2988861791236e-05,103624602947
HTX,BTCUSDT,1779223878898,2026-05-19T20:51:18.898000+00:00,buy,76989.04,1.2988861791236e-05,103624602948
HTX,BTCUSDT,1779223878901,2026-05-19T20:51:18.901000+00:00,buy,76989.04,1.2988861791236e-05,103624602949
HTX,BTCUSDT,1779223878901,2026-05-19T20:51:18.901000+00:00,buy,76989.04,1.2988861791236e-05,103624602950
HTX,BTCUSDT,1779223878903,2026-05-19T20:51:18.903000+00:00,buy,76989.04,1.2988861791236e-05,103624602951
HTX,BTCUSDT,1779223878907,2026-05-19T20:51:18.907000+00:00,buy,76989.04,1.2988861791236e-05,103624602952
HTX,BTCUSDT,1779223878914,2026-05-19T20:51:18.914000+00:00,buy,76989.04,1.2988861791236e-05,103624602953
HTX,BTCUSDT,1779223879043,2026-05-19T20:51:19.043000+00:00,buy,76989.04,1.2988861791236e-05,103624602954
HTX,BTCUSDT,1779223885870,2026-05-19T20:51:25.870000+00:00,sell,76989.03,1.2e-05,103624602955
HTX,BTCUSDT,1779223885885,2026-05-19T20:51:25.885000+00:00,sell,76989.03,1.2e-05,103624602956
HTX,BTCUSDT,1779223885890,2026-05-19T20:51:25.890000+00:00,sell,76989.03,1.2e-05,103624602957
HTX,BTCUSDT,1779223885893,2026-05-19T20:51:25.893000+00:00,sell,76989.03,1.2e-05,103624602958
HTX,BTCUSDT,1779223885896,2026-05-19T20:51:25.896000+00:00,sell,76989.03,1.2e-05,103624602959
HTX,BTCUSDT,1779223885896,2026-05-19T20:51:25.896000+00:00,sell,76989.03,1.2e-05,103624602960
HTX,BTCUSDT,1779223885902,2026-05-19T20:51:25.902000+00:00,sell,76989.03,1.2e-05,103624602961
HTX,BTCUSDT,1779223885904,2026-05-19T20:51:25.904000+00:00,sell,76989.03,1.2e-05,103624602962
HTX,BTCUSDT,1779223885918,2026-05-19T20:51:25.918000+00:00,sell,76989.03,1.2e-05,103624602963
HTX,BTCUSDT,1779223885931,2026-05-19T20:51:25.931000+00:00,sell,76989.03,1.2e-05,103624602964
HTX,BTCUSDT,1779223885942,2026-05-19T20:51:25.942000+00:00,sell,76989.03,1.2e-05,103624602965
HTX,BTCUSDT,1779223885949,2026-05-19T20:51:25.949000+00:00,sell,76989.03,1.2e-05,103624602966
HTX,BTCUSDT,1779223885974,2026-05-19T20:51:25.974000+00:00,sell,76989.03,1.2e-05,103624602967
HTX,BTCUSDT,1779223886087,2026-05-19T20:51:26.087000+00:00,sell,76989.03,1.2e-05,103624602968
HTX,BTCUSDT,1779223886849,2026-05-19T20:51:26.849000+00:00,sell,76989.03,1.2e-05,103624602969
HTX,BTCUSDT,1779223888002,2026-05-19T20:51:28.002000+00:00,buy,76989.04,0.000496,103624602970
HTX,BTCUSDT,1779223893583,2026-05-19T20:51:33.583000+00:00,buy,76989.04,0.181451,103624602971
HTX,BTCUSDT,1779223893583,2026-05-19T20:51:33.583000+00:00,buy,76989.04,0.09392,103624602972
HTX,BTCUSDT,1779223893583,2026-05-19T20:51:33.583000+00:00,buy,76989.51,0.001807,103624602973
HTX,BTCUSDT,1779223893583,2026-05-19T20:51:33.583000+00:00,buy,76989.51,0.05202,103624602974
HTX,BTCUSDT,1779223893583,2026-05-19T20:51:33.583000+00:00,buy,76991.26,0.117148,103624602975
HTX,BTCUSDT,1779223893583,2026-05-19T20:51:33.583000+00:00,buy,76993.61,0.746884,103624602976
HTX,BTCUSDT,1779223893583,2026-05-19T20:51:33.583000+00:00,buy,76993.89,0.002078,103624602977
HTX,BTCUSDT,1779223893583,2026-05-19T20:51:33.583000+00:00,buy,76994.54,0.10621225959983656,103624602978
HTX,BTCUSDT,1779223893583,2026-05-19T20:51:33.583000+00:00,buy,76993.89,0.011947,103624602979
HTX,BTCUSDT,1779223949104,2026-05-19T20:52:29.104000+00:00,buy,77004.11,0.0004,103624602980
HTX,BTCUSDT,1779223987975,2026-05-19T20:53:07.975000+00:00,sell,77010.4,0.001032,103624602981
HTX,BTCUSDT,1779223999532,2026-05-19T20:53:19.532000+00:00,sell,77014.2,0.012714,103624602982
HTX,BTCUSDT,1779224004329,2026-05-19T20:53:24.329000+00:00,sell,77014.2,0.203213,103624602983
HTX,BTCUSDT,1779224035138,2026-05-19T20:53:55.138000+00:00,sell,77016.9,0.026015,103624602984
HTX,BTCUSDT,1779224054491,2026-05-19T20:54:14.491000+00:00,buy,77024.89,1.6e-05,103624602985
HTX,BTCUSDT,1779224056492,2026-05-19T20:54:16.492000+00:00,buy,77024.89,1.6e-05,103624602986
HTX,BTCUSDT,1779224064994,2026-05-19T20:54:24.994000+00:00,sell,77024.88,1.6e-05,103624602987
HTX,BTCUSDT,1779224068190,2026-05-19T20:54:28.190000+00:00,buy,77024.89,0.000651,103624602988
HTX,BTCUSDT,1779224095830,2026-05-19T20:54:55.830000+00:00,sell,77024.88,1.6e-05,103624602989
HTX,BTCUSDT,1779224098355,2026-05-19T20:54:58.355000+00:00,sell,77024.88,0.000768,103624602990
HTX,BTCUSDT,1779224098355,2026-05-19T20:54:58.355000+00:00,sell,77024.88,0.028071,103624602991
HTX,BTCUSDT,1779224105744,2026-05-19T20:55:05.744000+00:00,buy,77021.23,8.625528104394e-05,103624602992
HTX,BTCUSDT,1779224117455,2026-05-19T20:55:17.455000+00:00,buy,77021.23,0.001355,103624602993
HTX,BTCUSDT,1779224161323,2026-05-19T20:56:01.323000+00:00,buy,77027.75,0.079166,103624602994
HTX,BTCUSDT,1779224165451,2026-05-19T20:56:05.451000+00:00,sell,77031.76,0.00166,103624602995
HTX,BTCUSDT,1779224218000,2026-05-19T20:56:58+00:00,buy,77031.77,1.5e-05,103624602996
HTX,BTCUSDT,1779224218000,2026-05-19T20:56:58+00:00,buy,77031.77,0.009781514082176743,103624602997
HTX,BTCUSDT,1779224225253,2026-05-19T20:57:05.253000+00:00,buy,77031.77,0.00010220846736353,103624602998
HTX,BTCUSDT,1779224242744,2026-05-19T20:57:22.744000+00:00,sell,77031.76,0.746657,103624602999
HTX,BTCUSDT,1779224242744,2026-05-19T20:57:22.744000+00:00,sell,77031.76,0.03,103624603000
HTX,BTCUSDT,1779224242744,2026-05-19T20:57:22.744000+00:00,sell,77031.76,0.0008,103624603001
HTX,BTCUSDT,1779224242744,2026-05-19T20:57:22.744000+00:00,sell,77031.76,0.002077,103624603002
HTX,BTCUSDT,1779224242744,2026-05-19T20:57:22.744000+00:00,sell,77031.76,5.900621,103624603003
HTX,BTCUSDT,1779224265508,2026-05-19T20:57:45.508000+00:00,sell,77027.65,1.6e-05,103624603004
HTX,BTCUSDT,1779224283734,2026-05-19T20:58:03.734000+00:00,sell,77019.83,0.002077,103624603005
HTX,BTCUSDT,1779224283734,2026-05-19T20:58:03.734000+00:00,sell,77019.83,0.004018,103624603006
HTX,BTCUSDT,1779224322765,2026-05-19T20:58:42.765000+00:00,sell,77028.36,0.000262,103624603007
HTX,BTCUSDT,1779224322765,2026-05-19T20:58:42.765000+00:00,sell,77028.35,0.003355,103624603008
HTX,BTCUSDT,1779224322765,2026-05-19T20:58:42.765000+00:00,sell,77028.36,3.269243,103624603009
HTX,BTCUSDT,1779224330510,2026-05-19T20:58:50.510000+00:00,buy,77028.36,1.6e-05,103624603010
HTX,BTCUSDT,1779224344194,2026-05-19T20:59:04.194000+00:00,buy,77028.36,3.635409257058e-05,103624603011
HTX,BTCUSDT,1779224358095,2026-05-19T20:59:18.095000+00:00,sell,77028.35,0.0009,103624603012
HTX,BTCUSDT,1779224358095,2026-05-19T20:59:18.095000+00:00,sell,77025.71,0.002077,103624603013
HTX,BTCUSDT,1779224358095,2026-05-19T20:59:18.095000+00:00,sell,77022.76,0.000657,103624603014
HTX,BTCUSDT,1779224358095,2026-05-19T20:59:18.095000+00:00,sell,77028.35,0.003334,103624603015
HTX,BTCUSDT,1779224381744,2026-05-19T20:59:41.744000+00:00,buy,77013.69,1.6e-05,103624603016
HTX,BTCUSDT,1779224392353,2026-05-19T20:59:52.353000+00:00,sell,77013.68,0.005513,103624603017
HTX,BTCUSDT,1779224401052,2026-05-19T21:00:01.052000+00:00,buy,77013.69,0.000129847044077488,103624603018
HTX,BTCUSDT,1779224401210,2026-05-19T21:00:01.210000+00:00,buy,77013.69,0.000389541132232464,103624603019
HTX,BTCUSDT,1779224401869,2026-05-19T21:00:01.869000+00:00,buy,77013.69,0.000346957988378429,103624603020
HTX,BTCUSDT,1779224402679,2026-05-19T21:00:02.679000+00:00,buy,77013.69,0.000194770566116232,103624603021
HTX,BTCUSDT,1779224403062,2026-05-19T21:00:03.062000+00:00,buy,77013.69,0.000194770566116232,103624603022
HTX,BTCUSDT,1779224457060,2026-05-19T21:00:57.060000+00:00,sell,77013.68,0.002077,103624603023
HTX,BTCUSDT,1779224457060,2026-05-19T21:00:57.060000+00:00,sell,77013.68,4.957966,103624603024
HTX,BTCUSDT,1779224461724,2026-05-19T21:01:01.724000+00:00,sell,76994.79,0.002078,103624603025
HTX,BTCUSDT,1779224461724,2026-05-19T21:01:01.724000+00:00,sell,76994.79,0.03,103624603026
HTX,BTCUSDT,1779224461724,2026-05-19T21:01:01.724000+00:00,sell,76994.79,0.941757,103624603027
HTX,BTCUSDT,1779224525016,2026-05-19T21:02:05.016000+00:00,sell,77005.85,0.002712,103624603028
HTX,BTCUSDT,1779224533835,2026-05-19T21:02:13.835000+00:00,buy,77012.34,1.6e-05,103624603029
HTX,BTCUSDT,1779224552908,2026-05-19T21:02:32.908000+00:00,sell,77019.59,0.03,103624603030
HTX,BTCUSDT,1779224552908,2026-05-19T21:02:32.908000+00:00,sell,77019.59,0.018696,103624603031
HTX,BTCUSDT,1779224552908,2026-05-19T21:02:32.908000+00:00,sell,77019.59,0.0009,103624603032
HTX,BTCUSDT,1779224552908,2026-05-19T21:02:32.908000+00:00,sell,77019.59,0.344247,103624603033
HTX,BTCUSDT,1779224555305,2026-05-19T21:02:35.305000+00:00,sell,77019.59,0.000515,103624603034
HTX,BTCUSDT,1779224555985,2026-05-19T21:02:35.985000+00:00,buy,77019.6,1.4e-05,103624603035
HTX,BTCUSDT,1779224576526,2026-05-19T21:02:56.526000+00:00,buy,77019.6,0.012490182486665731,103624603036
HTX,BTCUSDT,1779224590531,2026-05-19T21:03:10.531000+00:00,sell,77019.59,0.03,103624603037
HTX,BTCUSDT,1779224590531,2026-05-19T21:03:10.531000+00:00,sell,77019.01,0.002077,103624603038
HTX,BTCUSDT,1779224590531,2026-05-19T21:03:10.531000+00:00,sell,77013.34,0.002005,103624603039
HTX,BTCUSDT,1779224590531,2026-05-19T21:03:10.531000+00:00,sell,77010.93,0.000262,103624603040
HTX,BTCUSDT,1779224590531,2026-05-19T21:03:10.531000+00:00,sell,77010.92,0.005648,103624603041
HTX,BTCUSDT,1779224590531,2026-05-19T21:03:10.531000+00:00,sell,77010.93,0.001253,103624603042
HTX,BTCUSDT,1779224596666,2026-05-19T21:03:16.666000+00:00,sell,77011.88,1.6e-05,103624603043
HTX,BTCUSDT,1779224597861,2026-05-19T21:03:17.861000+00:00,buy,77011.89,0.00064322442729298,103624603044
HTX,BTCUSDT,1779224601261,2026-05-19T21:03:21.261000+00:00,sell,77011.88,0.002,103624603045
HTX,BTCUSDT,1779224601270,2026-05-19T21:03:21.270000+00:00,sell,77011.88,1.6e-05,103624603046
HTX,BTCUSDT,1779224617220,2026-05-19T21:03:37.220000+00:00,buy,77005.0,0.00316,103624603047
HTX,BTCUSDT,1779224620975,2026-05-19T21:03:40.975000+00:00,buy,76998.91,0.003391,103624603048
HTX,BTCUSDT,1779224623977,2026-05-19T21:03:43.977000+00:00,buy,76998.91,7.7923180990484e-05,103624603049
HTX,BTCUSDT,1779224631101,2026-05-19T21:03:51.101000+00:00,buy,76998.91,0.004764076819009516,103624603050
HTX,BTCUSDT,1779224631101,2026-05-19T21:03:51.101000+00:00,buy,76998.91,0.03418892318099048,103624603051
HTX,BTCUSDT,1779224659031,2026-05-19T21:04:19.031000+00:00,buy,76998.91,7.9e-05,103624603052
HTX,BTCUSDT,1779224662631,2026-05-19T21:04:22.631000+00:00,buy,76994.04,0.000827,103624603053
HTX,BTCUSDT,1779224663459,2026-05-19T21:04:23.459000+00:00,sell,76994.03,1.6e-05,103624603054
HTX,BTCUSDT,1779224665828,2026-05-19T21:04:25.828000+00:00,sell,76989.68,0.001988,103624603055
HTX,BTCUSDT,1779224669944,2026-05-19T21:04:29.944000+00:00,sell,76989.68,1.6e-05,103624603056
HTX,BTCUSDT,1779224698202,2026-05-19T21:04:58.202000+00:00,buy,76989.69,1.6e-05,103624603057
HTX,BTCUSDT,1779224708322,2026-05-19T21:05:08.322000+00:00,sell,76990.41,0.052004,103624603058
HTX,BTCUSDT,1779224708322,2026-05-19T21:05:08.322000+00:00,sell,76990.41,0.03,103624603059
HTX,BTCUSDT,1779224708322,2026-05-19T21:05:08.322000+00:00,sell,76990.41,0.177437,103624603060
HTX,BTCUSDT,1779224708322,2026-05-19T21:05:08.322000+00:00,sell,76990.26,0.018703,103624603061
HTX,BTCUSDT,1779224708322,2026-05-19T21:05:08.322000+00:00,sell,76988.71,0.002078,103624603062
HTX,BTCUSDT,1779224708322,2026-05-19T21:05:08.322000+00:00,sell,76987.75,0.181926,103624603063
HTX,BTCUSDT,1779224708322,2026-05-19T21:05:08.322000+00:00,sell,76986.0,0.003729,103624603064
HTX,BTCUSDT,1779224708322,2026-05-19T21:05:08.322000+00:00,sell,76984.47,0.0065,103624603065
HTX,BTCUSDT,1779224708322,2026-05-19T21:05:08.322000+00:00,sell,76984.47,0.025218,103624603066
HTX,BTCUSDT,1779224735872,2026-05-19T21:05:35.872000+00:00,sell,76989.57,1.6e-05,103624603067
HTX,BTCUSDT,1779224736622,2026-05-19T21:05:36.622000+00:00,buy,76989.58,0.025652,103624603068
HTX,BTCUSDT,1779224766631,2026-05-19T21:06:06.631000+00:00,sell,76988.65,0.002078,103624603069
HTX,BTCUSDT,1779224783941,2026-05-19T21:06:23.941000+00:00,sell,76983.29,0.002078,103624603070
HTX,BTCUSDT,1779224783941,2026-05-19T21:06:23.941000+00:00,sell,76983.29,0.03,103624603071
HTX,BTCUSDT,1779224783941,2026-05-19T21:06:23.941000+00:00,sell,76983.29,0.047849,103624603072
HTX,BTCUSDT,1779224798761,2026-05-19T21:06:38.761000+00:00,buy,76988.14,0.050008,103624603073
HTX,BTCUSDT,1779224799243,2026-05-19T21:06:39.243000+00:00,buy,76988.65,0.0778,103624603074
HTX,BTCUSDT,1779224799247,2026-05-19T21:06:39.247000+00:00,buy,76988.65,4.9e-05,103624603075
HTX,BTCUSDT,1779224799247,2026-05-19T21:06:39.247000+00:00,buy,76988.65,0.427975,103624603076
HTX,BTCUSDT,1779224800567,2026-05-19T21:06:40.567000+00:00,buy,76998.2,0.000277,103624603077
HTX,BTCUSDT,1779224800567,2026-05-19T21:06:40.567000+00:00,buy,76998.2,0.06970944513767854,103624603078
HTX,BTCUSDT,1779224803269,2026-05-19T21:06:43.269000+00:00,buy,76998.2,0.024210554862321456,103624603079
HTX,BTCUSDT,1779224803269,2026-05-19T21:06:43.269000+00:00,buy,76998.2,0.04068944513767854,103624603080
HTX,BTCUSDT,1779224803785,2026-05-19T21:06:43.785000+00:00,buy,76998.2,0.011314554862321457,103624603081
HTX,BTCUSDT,1779224803785,2026-05-19T21:06:43.785000+00:00,buy,76998.2,0.058685445137678545,103624603082
HTX,BTCUSDT,1779224806667,2026-05-19T21:06:46.667000+00:00,sell,76998.19,0.018701,103624603083
HTX,BTCUSDT,1779224806667,2026-05-19T21:06:46.667000+00:00,sell,76998.19,0.052004,103624603084
HTX,BTCUSDT,1779224806667,2026-05-19T21:06:46.667000+00:00,sell,76998.19,0.009223,103624603085
HTX,BTCUSDT,1779224809915,2026-05-19T21:06:49.915000+00:00,sell,76995.3,1.6e-05,103624603086
HTX,BTCUSDT,1779224833123,2026-05-19T21:07:13.123000+00:00,sell,76983.57,0.002078,103624603087
HTX,BTCUSDT,1779224833123,2026-05-19T21:07:13.123000+00:00,sell,76983.57,0.029488,103624603088
HTX,BTCUSDT,1779224833129,2026-05-19T21:07:13.129000+00:00,sell,76983.57,1.6e-05,103624603089
HTX,BTCUSDT,1779224835540,2026-05-19T21:07:15.540000+00:00,sell,76982.3,1.6e-05,103624603090
HTX,BTCUSDT,1779224898254,2026-05-19T21:08:18.254000+00:00,buy,76968.97,0.00624,103624603091
HTX,BTCUSDT,1779224957983,2026-05-19T21:09:17.983000+00:00,buy,76968.97,0.02598449738901274,103624603092
HTX,BTCUSDT,1779224964085,2026-05-19T21:09:24.085000+00:00,sell,76968.96,1.6e-05,103624603093
HTX,BTCUSDT,1779224984721,2026-05-19T21:09:44.721000+00:00,buy,76968.97,0.007308999055073752,103624603094
HTX,BTCUSDT,1779224986788,2026-05-19T21:09:46.788000+00:00,buy,76968.97,0.000557999996622015,103624603095
HTX,BTCUSDT,1779225065299,2026-05-19T21:11:05.299000+00:00,buy,76979.58,0.000243071658613881,103624603096
HTX,BTCUSDT,1779225076415,2026-05-19T21:11:16.415000+00:00,buy,76979.58,0.001001,103624603097
HTX,BTCUSDT,1779225151928,2026-05-19T21:12:31.928000+00:00,buy,76991.14,0.005873589802540915,103624603098
HTX,BTCUSDT,1779225152282,2026-05-19T21:12:32.282000+00:00,buy,76991.14,0.005832219246396403,103624603099
HTX,BTCUSDT,1779225152759,2026-05-19T21:12:32.759000+00:00,buy,76991.14,0.000394,103624603100
HTX,BTCUSDT,1779225185193,2026-05-19T21:13:05.193000+00:00,buy,76997.84,0.052033,103624603101
HTX,BTCUSDT,1779225187719,2026-05-19T21:13:07.719000+00:00,buy,77000.0,2.6e-05,103624603102
HTX,BTCUSDT,1779225187719,2026-05-19T21:13:07.719000+00:00,buy,77004.36,0.010463,103624603103
HTX,BTCUSDT,1779225187719,2026-05-19T21:13:07.719000+00:00,buy,77000.0,0.000134,103624603104
HTX,BTCUSDT,1779225187745,2026-05-19T21:13:07.745000+00:00,buy,77004.36,0.025972555320244204,103624603105
HTX,BTCUSDT,1779225188362,2026-05-19T21:13:08.362000+00:00,buy,77004.36,0.020591,103624603106
HTX,BTCUSDT,1779225189331,2026-05-19T21:13:09.331000+00:00,buy,77004.36,0.005061,103624603107
HTX,BTCUSDT,1779225190567,2026-05-19T21:13:10.567000+00:00,buy,77004.83,0.001362,103624603108
HTX,BTCUSDT,1779225190567,2026-05-19T21:13:10.567000+00:00,buy,77008.03,0.005052,103624603109
HTX,BTCUSDT,1779225190567,2026-05-19T21:13:10.567000+00:00,buy,77004.83,0.007249,103624603110
HTX,BTCUSDT,1779225192419,2026-05-19T21:13:12.419000+00:00,buy,77010.6,0.00437,103624603111
HTX,BTCUSDT,1779225192419,2026-05-19T21:13:12.419000+00:00,buy,77010.6,0.022738,103624603112
HTX,BTCUSDT,1779225195292,2026-05-19T21:13:15.292000+00:00,buy,77012.57,0.018797,103624603113
HTX,BTCUSDT,1779225197212,2026-05-19T21:13:17.212000+00:00,buy,77015.88,0.005268,103624603114
HTX,BTCUSDT,1779225201758,2026-05-19T21:13:21.758000+00:00,buy,77015.88,0.00553,103624603115
HTX,BTCUSDT,1779225203197,2026-05-19T21:13:23.197000+00:00,buy,77019.32,0.045529,103624603116
HTX,BTCUSDT,1779225216954,2026-05-19T21:13:36.954000+00:00,sell,77026.38,0.002077,103624603117
HTX,BTCUSDT,1779225216954,2026-05-19T21:13:36.954000+00:00,sell,77026.38,0.010131,103624603118
HTX,BTCUSDT,1779225219762,2026-05-19T21:13:39.762000+00:00,sell,77003.9,1.6e-05,103624603119
HTX,BTCUSDT,1779225228492,2026-05-19T21:13:48.492000+00:00,sell,77003.9,1.6e-05,103624603120
HTX,BTCUSDT,1779225279256,2026-05-19T21:14:39.256000+00:00,buy,77000.1,0.001112,103624603121
HTX,BTCUSDT,1779225300951,2026-05-19T21:15:00.951000+00:00,buy,77000.1,0.1819,103624603122
HTX,BTCUSDT,1779225366635,2026-05-19T21:16:06.635000+00:00,buy,77028.18,1.6e-05,103624603123
HTX,BTCUSDT,1779225398524,2026-05-19T21:16:38.524000+00:00,sell,77032.25,1.6e-05,103624603124
HTX,BTCUSDT,1779225418947,2026-05-19T21:16:58.947000+00:00,buy,77025.72,0.052005,103624603125
HTX,BTCUSDT,1779225418947,2026-05-19T21:16:58.947000+00:00,buy,77025.72,0.08824685353671474,103624603126
HTX,BTCUSDT,1779225419247,2026-05-19T21:16:59.247000+00:00,sell,77025.71,0.002077,103624603127
HTX,BTCUSDT,1779225419247,2026-05-19T21:16:59.247000+00:00,sell,77025.71,0.01149,103624603128
HTX,BTCUSDT,1779225420580,2026-05-19T21:17:00.580000+00:00,buy,77026.5,0.002008979390209862,103624603129
HTX,BTCUSDT,1779225425029,2026-05-19T21:17:05.029000+00:00,buy,77026.5,0.000717853889895036,103624603130
HTX,BTCUSDT,1779225429052,2026-05-19T21:17:09.052000+00:00,buy,77026.5,0.4547983924363693,103624603131
HTX,BTCUSDT,1779225446149,2026-05-19T21:17:26.149000+00:00,sell,77025.71,1.6e-05,103624603132
HTX,BTCUSDT,1779225467920,2026-05-19T21:17:47.920000+00:00,buy,77016.87,0.06492084136891048,103624603133
HTX,BTCUSDT,1779225469180,2026-05-19T21:17:49.180000+00:00,buy,77016.87,0.052227158631089524,103624603134
HTX,BTCUSDT,1779225469180,2026-05-19T21:17:49.180000+00:00,buy,77016.87,0.052005,103624603135
HTX,BTCUSDT,1779225469180,2026-05-19T21:17:49.180000+00:00,buy,77016.87,0.006133271696058278,103624603136
HTX,BTCUSDT,1779225541506,2026-05-19T21:19:01.506000+00:00,sell,77018.34,1.6e-05,103624603137
HTX,BTCUSDT,1779225541743,2026-05-19T21:19:01.743000+00:00,sell,77018.34,0.029984,103624603138
HTX,BTCUSDT,1779225541743,2026-05-19T21:19:01.743000+00:00,sell,77018.34,0.002077,103624603139
HTX,BTCUSDT,1779225541743,2026-05-19T21:19:01.743000+00:00,sell,77013.85,0.058171,103624603140
HTX,BTCUSDT,1779225541743,2026-05-19T21:19:01.743000+00:00,sell,77018.34,2.51805,103624603141
HTX,BTCUSDT,1779225545487,2026-05-19T21:19:05.487000+00:00,sell,77013.85,0.002114,103624603142
HTX,BTCUSDT,1779225592470,2026-05-19T21:19:52.470000+00:00,sell,77013.85,0.002077,103624603143
HTX,BTCUSDT,1779225592470,2026-05-19T21:19:52.470000+00:00,sell,77013.85,2.524112,103624603144
HTX,BTCUSDT,1779225598412,2026-05-19T21:19:58.412000+00:00,sell,77009.91,0.002077,103624603145
HTX,BTCUSDT,1779225598412,2026-05-19T21:19:58.412000+00:00,sell,77009.91,0.03,103624603146
HTX,BTCUSDT,1779225598412,2026-05-19T21:19:58.412000+00:00,sell,77009.91,0.052,103624603147
HTX,BTCUSDT,1779225598412,2026-05-19T21:19:58.412000+00:00,sell,77007.71,0.017454,103624603148
HTX,BTCUSDT,1779225598412,2026-05-19T21:19:58.412000+00:00,sell,77009.91,0.317855,103624603149
HTX,BTCUSDT,1779225598784,2026-05-19T21:19:58.784000+00:00,sell,77009.9,1.6e-05,103624603150
HTX,BTCUSDT,1779225605987,2026-05-19T21:20:05.987000+00:00,sell,77002.02,0.024243,103624603151
HTX,BTCUSDT,1779225606049,2026-05-19T21:20:06.049000+00:00,buy,77002.03,3.6142961945288e-05,103624603152
HTX,BTCUSDT,1779225644124,2026-05-19T21:20:44.124000+00:00,buy,77002.03,0.0614,103624603153
HTX,BTCUSDT,1779225713012,2026-05-19T21:21:53.012000+00:00,buy,77015.64,1.6e-05,103624603154
HTX,BTCUSDT,1779225717470,2026-05-19T21:21:57.470000+00:00,sell,77015.63,0.018068,103624603155
HTX,BTCUSDT,1779225718551,2026-05-19T21:21:58.551000+00:00,buy,77015.64,1.6e-05,103624603156
HTX,BTCUSDT,1779225767941,2026-05-19T21:22:47.941000+00:00,sell,77025.08,0.001305,103624603157
HTX,BTCUSDT,1779225845034,2026-05-19T21:24:05.034000+00:00,sell,77032.66,0.000498,103624603158
HTX,BTCUSDT,1779225876080,2026-05-19T21:24:36.080000+00:00,buy,77032.67,1.4279655631824e-05,103624603159
HTX,BTCUSDT,1779225887820,2026-05-19T21:24:47.820000+00:00,sell,77032.66,1.4e-05,103624603160
HTX,BTCUSDT,1779225890250,2026-05-19T21:24:50.250000+00:00,buy,77032.67,0.040242665871506204,103624603161
HTX,BTCUSDT,1779225902943,2026-05-19T21:25:02.943000+00:00,sell,77032.66,0.000631,103624603162
HTX,BTCUSDT,1779225916840,2026-05-19T21:25:16.840000+00:00,sell,77032.66,0.007101,103624603163
HTX,BTCUSDT,1779225916840,2026-05-19T21:25:16.840000+00:00,sell,77032.66,4.133035,103624603164
HTX,BTCUSDT,1779225948729,2026-05-19T21:25:48.729000+00:00,buy,77021.78,0.00014615647729772,103624603165
HTX,BTCUSDT,1779225960741,2026-05-19T21:26:00.741000+00:00,sell,77021.77,1.6e-05,103624603166
HTX,BTCUSDT,1779225969222,2026-05-19T21:26:09.222000+00:00,sell,77021.77,0.002061,103624603167
HTX,BTCUSDT,1779225969222,2026-05-19T21:26:09.222000+00:00,sell,77021.77,0.029316,103624603168
HTX,BTCUSDT,1779225980369,2026-05-19T21:26:20.369000+00:00,sell,77019.33,0.000146,103624603169
HTX,BTCUSDT,1779225987460,2026-05-19T21:26:27.460000+00:00,buy,77019.34,0.000144,103624603170
HTX,BTCUSDT,1779225991874,2026-05-19T21:26:31.874000+00:00,sell,77028.75,0.000143,103624603171
HTX,BTCUSDT,1779226000516,2026-05-19T21:26:40.516000+00:00,buy,77029.68,0.000142,103624603172
HTX,BTCUSDT,1779226005142,2026-05-19T21:26:45.142000+00:00,sell,77029.67,0.000142,103624603173
HTX,BTCUSDT,1779226008228,2026-05-19T21:26:48.228000+00:00,sell,77028.77,1.6e-05,103624603174
HTX,BTCUSDT,1779226021638,2026-05-19T21:27:01.638000+00:00,sell,77022.6,1.6e-05,103624603175
HTX,BTCUSDT,1779226028829,2026-05-19T21:27:08.829000+00:00,sell,77022.6,1.6e-05,103624603176
HTX,BTCUSDT,1779226034916,2026-05-19T21:27:14.916000+00:00,sell,77022.6,0.002061,103624603177
HTX,BTCUSDT,1779226034916,2026-05-19T21:27:14.916000+00:00,sell,77022.6,0.012001,103624603178
HTX,BTCUSDT,1779226034917,2026-05-19T21:27:14.917000+00:00,sell,77019.48,1.6e-05,103624603179
HTX,BTCUSDT,1779226034917,2026-05-19T21:27:14.917000+00:00,sell,77019.48,0.002091,103624603180
HTX,BTCUSDT,1779226034917,2026-05-19T21:27:14.917000+00:00,sell,77017.87,0.002366,103624603181
HTX,BTCUSDT,1779226034917,2026-05-19T21:27:14.917000+00:00,sell,77015.92,0.000173,103624603182
HTX,BTCUSDT,1779226034917,2026-05-19T21:27:14.917000+00:00,sell,77013.55,0.004361,103624603183
HTX,BTCUSDT,1779226034917,2026-05-19T21:27:14.917000+00:00,sell,77013.01,0.018698,103624603184
HTX,BTCUSDT,1779226034917,2026-05-19T21:27:14.917000+00:00,sell,77013.55,0.025882,103624603185
HTX,BTCUSDT,1779226034919,2026-05-19T21:27:14.919000+00:00,sell,77010.62,0.003777,103624603186
HTX,BTCUSDT,1779226034919,2026-05-19T21:27:14.919000+00:00,sell,77009.77,0.0065,103624603187
HTX,BTCUSDT,1779226034919,2026-05-19T21:27:14.919000+00:00,sell,77005.38,0.006861,103624603188
HTX,BTCUSDT,1779226034919,2026-05-19T21:27:14.919000+00:00,sell,77002.07,0.0065,103624603189
HTX,BTCUSDT,1779226034919,2026-05-19T21:27:14.919000+00:00,sell,77005.38,0.038505,103624603190
HTX,BTCUSDT,1779226034920,2026-05-19T21:27:14.920000+00:00,sell,77001.62,0.008158,103624603191
HTX,BTCUSDT,1779226034920,2026-05-19T21:27:14.920000+00:00,sell,76994.9,0.814142,103624603192
HTX,BTCUSDT,1779226034920,2026-05-19T21:27:14.920000+00:00,sell,76993.99,0.012902,103624603193
HTX,BTCUSDT,1779226034920,2026-05-19T21:27:14.920000+00:00,sell,76993.5,0.047881,103624603194
HTX,BTCUSDT,1779226034920,2026-05-19T21:27:14.920000+00:00,sell,76992.65,0.040471,103624603195
HTX,BTCUSDT,1779226034920,2026-05-19T21:27:14.920000+00:00,sell,76992.65,0.040471,103624603196
HTX,BTCUSDT,1779226034920,2026-05-19T21:27:14.920000+00:00,sell,76989.13,0.0065,103624603197
HTX,BTCUSDT,1779226034920,2026-05-19T21:27:14.920000+00:00,sell,76988.33,0.055502,103624603198
HTX,BTCUSDT,1779226034920,2026-05-19T21:27:14.920000+00:00,sell,76987.03,0.001298,103624603199
HTX,BTCUSDT,1779226034920,2026-05-19T21:27:14.920000+00:00,sell,76985.94,0.013803,103624603200
HTX,BTCUSDT,1779226034922,2026-05-19T21:27:14.922000+00:00,sell,77002.69,0.031188,103624603201
HTX,BTCUSDT,1779226035439,2026-05-19T21:27:15.439000+00:00,sell,76980.78,0.051932,103624603202
HTX,BTCUSDT,1779226036055,2026-05-19T21:27:16.055000+00:00,buy,76965.23,0.000157,103624603203
HTX,BTCUSDT,1779226036055,2026-05-19T21:27:16.055000+00:00,buy,76965.24,0.259338,103624603204
HTX,BTCUSDT,1779226036055,2026-05-19T21:27:16.055000+00:00,buy,76965.24,0.21253,103624603205
HTX,BTCUSDT,1779226036059,2026-05-19T21:27:16.059000+00:00,buy,76965.24,0.000517993336992127,103624603206
HTX,BTCUSDT,1779226036064,2026-05-19T21:27:16.064000+00:00,buy,76965.24,1.6e-05,103624603207
HTX,BTCUSDT,1779226039066,2026-05-19T21:27:19.066000+00:00,buy,76980.15,0.000144228749229509,103624603208
HTX,BTCUSDT,1779226039502,2026-05-19T21:27:19.502000+00:00,sell,76980.14,0.03,103624603209
HTX,BTCUSDT,1779226039502,2026-05-19T21:27:19.502000+00:00,sell,76980.14,0.0008,103624603210
HTX,BTCUSDT,1779226039502,2026-05-19T21:27:19.502000+00:00,sell,76980.14,0.0345,103624603211
HTX,BTCUSDT,1779226041505,2026-05-19T21:27:21.505000+00:00,buy,76980.15,0.00715,103624603212
HTX,BTCUSDT,1779226046120,2026-05-19T21:27:26.120000+00:00,buy,76980.15,0.000454802571572022,103624603213
HTX,BTCUSDT,1779226051189,2026-05-19T21:27:31.189000+00:00,sell,76980.14,0.000144,103624603214
HTX,BTCUSDT,1779226062061,2026-05-19T21:27:42.061000+00:00,sell,76980.14,0.017349,103624603215
HTX,BTCUSDT,1779226062061,2026-05-19T21:27:42.061000+00:00,sell,76980.14,0.003444,103624603216
HTX,BTCUSDT,1779226079156,2026-05-19T21:27:59.156000+00:00,sell,76980.14,0.000107,103624603217
HTX,BTCUSDT,1779226085244,2026-05-19T21:28:05.244000+00:00,buy,76980.15,1.6e-05,103624603218
HTX,BTCUSDT,1779226095039,2026-05-19T21:28:15.039000+00:00,buy,76980.15,0.000142,103624603219
HTX,BTCUSDT,1779226099380,2026-05-19T21:28:19.380000+00:00,sell,76980.14,0.000142,103624603220
HTX,BTCUSDT,1779226103341,2026-05-19T21:28:23.341000+00:00,buy,76980.15,0.266287,103624603221
HTX,BTCUSDT,1779226104403,2026-05-19T21:28:24.403000+00:00,buy,76980.15,0.07532,103624603222
HTX,BTCUSDT,1779226104403,2026-05-19T21:28:24.403000+00:00,buy,76980.15,0.266862,103624603223
HTX,BTCUSDT,1779226142914,2026-05-19T21:29:02.914000+00:00,buy,76989.69,0.00122,103624603224
HTX,BTCUSDT,1779226149474,2026-05-19T21:29:09.474000+00:00,sell,76989.68,0.003768,103624603225
HTX,BTCUSDT,1779226173602,2026-05-19T21:29:33.602000+00:00,sell,76987.63,0.001265,103624603226
HTX,BTCUSDT,1779226178874,2026-05-19T21:29:38.874000+00:00,buy,76987.64,1.6e-05,103624603227
HTX,BTCUSDT,1779226197077,2026-05-19T21:29:57.077000+00:00,sell,76993.74,0.002834,103624603228
HTX,BTCUSDT,1779226200339,2026-05-19T21:30:00.339000+00:00,buy,76993.75,0.005830999243445084,103624603229
HTX,BTCUSDT,1779226241314,2026-05-19T21:30:41.314000+00:00,sell,76993.74,0.000116,103624603230
HTX,BTCUSDT,1779226268816,2026-05-19T21:31:08.816000+00:00,buy,76993.75,0.017317564128387045,103624603231
HTX,BTCUSDT,1779226277341,2026-05-19T21:31:17.341000+00:00,buy,76993.75,0.000373,103624603232
HTX,BTCUSDT,1779226279712,2026-05-19T21:31:19.712000+00:00,buy,76993.75,0.038964201639743484,103624603233
HTX,BTCUSDT,1779226284235,2026-05-19T21:31:24.235000+00:00,sell,76993.74,0.013986,103624603234
HTX,BTCUSDT,1779226317534,2026-05-19T21:31:57.534000+00:00,sell,77004.99,0.000454,103624603235
HTX,BTCUSDT,1779226335158,2026-05-19T21:32:15.158000+00:00,buy,77008.5,0.014301,103624603236
HTX,BTCUSDT,1779226335158,2026-05-19T21:32:15.158000+00:00,buy,77008.5,0.065246,103624603237
HTX,BTCUSDT,1779226335167,2026-05-19T21:32:15.167000+00:00,sell,77008.74,0.014301,103624603238
HTX,BTCUSDT,1779226351078,2026-05-19T21:32:31.078000+00:00,sell,77008.74,0.00014,103624603239
HTX,BTCUSDT,1779226353578,2026-05-19T21:32:33.578000+00:00,buy,77008.75,0.016354,103624603240
HTX,BTCUSDT,1779226364205,2026-05-19T21:32:44.205000+00:00,buy,77013.64,1.6e-05,103624603241
HTX,BTCUSDT,1779226410124,2026-05-19T21:33:30.124000+00:00,buy,77013.64,0.002523999995325503,103624603242
HTX,BTCUSDT,1779226429627,2026-05-19T21:33:49.627000+00:00,buy,77019.33,0.001797867171786615,103624603243
HTX,BTCUSDT,1779226437299,2026-05-19T21:33:57.299000+00:00,sell,77019.32,0.018696,103624603244
HTX,BTCUSDT,1779226437299,2026-05-19T21:33:57.299000+00:00,sell,77019.32,0.00483,103624603245
HTX,BTCUSDT,1779226437299,2026-05-19T21:33:57.299000+00:00,sell,77019.32,0.002077,103624603246
HTX,BTCUSDT,1779226437299,2026-05-19T21:33:57.299000+00:00,sell,77019.32,0.03,103624603247
HTX,BTCUSDT,1779226437299,2026-05-19T21:33:57.299000+00:00,sell,77019.32,0.044245,103624603248
HTX,BTCUSDT,1779226627130,2026-05-19T21:37:07.130000+00:00,buy,77019.33,0.00077,103624603249
HTX,BTCUSDT,1779226630357,2026-05-19T21:37:10.357000+00:00,sell,77019.65,1.6e-05,103624603250
HTX,BTCUSDT,1779226635639,2026-05-19T21:37:15.639000+00:00,sell,77008.84,1.6e-05,103624603251
HTX,BTCUSDT,1779226680944,2026-05-19T21:38:00.944000+00:00,buy,77011.66,1.6e-05,103624603252
HTX,BTCUSDT,1779226690096,2026-05-19T21:38:10.096000+00:00,buy,77017.75,0.006568,103624603253
HTX,BTCUSDT,1779226690096,2026-05-19T21:38:10.096000+00:00,buy,77017.75,0.032322,103624603254
HTX,BTCUSDT,1779226714589,2026-05-19T21:38:34.589000+00:00,sell,77029.12,1.6e-05,103624603255
HTX,BTCUSDT,1779226720805,2026-05-19T21:38:40.805000+00:00,buy,77020.64,0.004802,103624603256
HTX,BTCUSDT,1779226720805,2026-05-19T21:38:40.805000+00:00,buy,77020.64,0.11652732437590754,103624603257
HTX,BTCUSDT,1779226722807,2026-05-19T21:38:42.807000+00:00,buy,77020.64,2.5e-05,103624603258
HTX,BTCUSDT,1779226780184,2026-05-19T21:39:40.184000+00:00,buy,77027.16,0.001222,103624603259
HTX,BTCUSDT,1779226789405,2026-05-19T21:39:49.405000+00:00,sell,77029.07,0.006254,103624603260
HTX,BTCUSDT,1779226809890,2026-05-19T21:40:09.890000+00:00,buy,77029.08,1.6e-05,103624603261
HTX,BTCUSDT,1779226820704,2026-05-19T21:40:20.704000+00:00,sell,77034.86,0.018692,103624603262
HTX,BTCUSDT,1779226820704,2026-05-19T21:40:20.704000+00:00,sell,77031.57,0.002077,103624603263
HTX,BTCUSDT,1779226820704,2026-05-19T21:40:20.704000+00:00,sell,77030.02,0.722631,103624603264
HTX,BTCUSDT,1779226820704,2026-05-19T21:40:20.704000+00:00,sell,77031.57,0.009259,103624603265
HTX,BTCUSDT,1779226861861,2026-05-19T21:41:01.861000+00:00,buy,77031.5,0.001936,103624603266
HTX,BTCUSDT,1779226865700,2026-05-19T21:41:05.700000+00:00,sell,77031.49,0.001932,103624603267
HTX,BTCUSDT,1779226874789,2026-05-19T21:41:14.789000+00:00,buy,77031.5,0.003705,103624603268
HTX,BTCUSDT,1779226946600,2026-05-19T21:42:26.600000+00:00,sell,77031.49,1.6e-05,103624603269
HTX,BTCUSDT,1779226952560,2026-05-19T21:42:32.560000+00:00,buy,77031.5,1.4279872519683e-05,103624603270
HTX,BTCUSDT,1779226961452,2026-05-19T21:42:41.452000+00:00,sell,77031.49,1.4e-05,103624603271
HTX,BTCUSDT,1779226985803,2026-05-19T21:43:05.803000+00:00,sell,77024.32,1.6e-05,103624603272
HTX,BTCUSDT,1779226986653,2026-05-19T21:43:06.653000+00:00,buy,77024.33,0.12093477978490692,103624603273
HTX,BTCUSDT,1779226993129,2026-05-19T21:43:13.129000+00:00,buy,77024.33,0.00074,103624603274
HTX,BTCUSDT,1779227004968,2026-05-19T21:43:24.968000+00:00,sell,77024.23,1.6e-05,103624603275
HTX,BTCUSDT,1779227018494,2026-05-19T21:43:38.494000+00:00,sell,77013.79,1.6e-05,103624603276
HTX,BTCUSDT,1779227022215,2026-05-19T21:43:42.215000+00:00,sell,77012.05,1.6e-05,103624603277
HTX,BTCUSDT,1779227087705,2026-05-19T21:44:47.705000+00:00,buy,77021.45,0.039969,103624603278
HTX,BTCUSDT,1779227114659,2026-05-19T21:45:14.659000+00:00,sell,77016.47,0.002014,103624603279
HTX,BTCUSDT,1779227114659,2026-05-19T21:45:14.659000+00:00,sell,77014.78,0.002274,103624603280
HTX,BTCUSDT,1779227114659,2026-05-19T21:45:14.659000+00:00,sell,77014.78,0.00843,103624603281
HTX,BTCUSDT,1779227114660,2026-05-19T21:45:14.660000+00:00,sell,77013.74,0.000277,103624603282
HTX,BTCUSDT,1779227114660,2026-05-19T21:45:14.660000+00:00,sell,77012.15,0.007569,103624603283
HTX,BTCUSDT,1779227114660,2026-05-19T21:45:14.660000+00:00,sell,77012.15,0.024666,103624603284
HTX,BTCUSDT,1779227114799,2026-05-19T21:45:14.799000+00:00,sell,77004.71,0.007953,103624603285
HTX,BTCUSDT,1779227114822,2026-05-19T21:45:14.822000+00:00,sell,77004.71,0.00404,103624603286
HTX,BTCUSDT,1779227120022,2026-05-19T21:45:20.022000+00:00,sell,77000.0,1.6e-05,103624603287
HTX,BTCUSDT,1779227125872,2026-05-19T21:45:25.872000+00:00,buy,77000.01,1.6e-05,103624603288
HTX,BTCUSDT,1779227129734,2026-05-19T21:45:29.734000+00:00,buy,77001.07,1.6e-05,103624603289
HTX,BTCUSDT,1779227135068,2026-05-19T21:45:35.068000+00:00,buy,77001.07,1.6e-05,103624603290
HTX,BTCUSDT,1779227136364,2026-05-19T21:45:36.364000+00:00,buy,77001.07,0.032546,103624603291
HTX,BTCUSDT,1779227136369,2026-05-19T21:45:36.369000+00:00,buy,77001.07,1.6e-05,103624603292
HTX,BTCUSDT,1779227160655,2026-05-19T21:46:00.655000+00:00,buy,77012.68,0.009584,103624603293
HTX,BTCUSDT,1779227160655,2026-05-19T21:46:00.655000+00:00,buy,77012.68,0.051357,103624603294
HTX,BTCUSDT,1779227208799,2026-05-19T21:46:48.799000+00:00,sell,77025.0,1.6e-05,103624603295
HTX,BTCUSDT,1779227211984,2026-05-19T21:46:51.984000+00:00,sell,77017.01,1.6e-05,103624603296
HTX,BTCUSDT,1779227258836,2026-05-19T21:47:38.836000+00:00,sell,77006.56,1.6e-05,103624603297
HTX,BTCUSDT,1779227345043,2026-05-19T21:49:05.043000+00:00,sell,77006.26,0.012857,103624603298
HTX,BTCUSDT,1779227353992,2026-05-19T21:49:13.992000+00:00,buy,77006.27,0.000142,103624603299
HTX,BTCUSDT,1779227361270,2026-05-19T21:49:21.270000+00:00,sell,77006.26,0.000141,103624603300
HTX,BTCUSDT,1779227365717,2026-05-19T21:49:25.717000+00:00,buy,77006.27,0.000141,103624603301
HTX,BTCUSDT,1779227368110,2026-05-19T21:49:28.110000+00:00,sell,77006.26,0.000141,103624603302
HTX,BTCUSDT,1779227369092,2026-05-19T21:49:29.092000+00:00,sell,77006.26,1.6e-05,103624603303
HTX,BTCUSDT,1779227370811,2026-05-19T21:49:30.811000+00:00,buy,77000.01,0.000141,103624603304
HTX,BTCUSDT,1779227373408,2026-05-19T21:49:33.408000+00:00,sell,77000.0,0.000141,103624603305
HTX,BTCUSDT,1779227381380,2026-05-19T21:49:41.380000+00:00,sell,77000.0,1.6e-05,103624603306
HTX,BTCUSDT,1779227382315,2026-05-19T21:49:42.315000+00:00,sell,77000.0,0.000996,103624603307
HTX,BTCUSDT,1779227386170,2026-05-19T21:49:46.170000+00:00,buy,76995.47,0.000141,103624603308
HTX,BTCUSDT,1779227389430,2026-05-19T21:49:49.430000+00:00,sell,76995.46,0.00014,103624603309
HTX,BTCUSDT,1779227400871,2026-05-19T21:50:00.871000+00:00,buy,76995.43,1.6e-05,103624603310
HTX,BTCUSDT,1779227407332,2026-05-19T21:50:07.332000+00:00,buy,77000.0,0.025974025974025972,103624603311
HTX,BTCUSDT,1779227437967,2026-05-19T21:50:37.967000+00:00,buy,77000.0,1.6e-05,103624603312
HTX,BTCUSDT,1779227462545,2026-05-19T21:51:02.545000+00:00,buy,77000.0,8e-05,103624603313
HTX,BTCUSDT,1779227465189,2026-05-19T21:51:05.189000+00:00,buy,77000.0,0.000894117904155844,103624603314
HTX,BTCUSDT,1779227465655,2026-05-19T21:51:05.655000+00:00,sell,76999.99,8e-05,103624603315
HTX,BTCUSDT,1779227473187,2026-05-19T21:51:13.187000+00:00,buy,77000.0,0.004539,103624603316
HTX,BTCUSDT,1779227478044,2026-05-19T21:51:18.044000+00:00,buy,77000.0,0.001119,103624603317
HTX,BTCUSDT,1779227487358,2026-05-19T21:51:27.358000+00:00,buy,77000.0,0.027438,103624603318
HTX,BTCUSDT,1779227487373,2026-05-19T21:51:27.373000+00:00,buy,77000.0,0.016354,103624603319
HTX,BTCUSDT,1779227490444,2026-05-19T21:51:30.444000+00:00,buy,77000.0,0.00443,103624603320
HTX,BTCUSDT,1779227492482,2026-05-19T21:51:32.482000+00:00,buy,77000.0,0.018159856121818183,103624603321
HTX,BTCUSDT,1779227492482,2026-05-19T21:51:32.482000+00:00,buy,77000.0,0.067137,103624603322
HTX,BTCUSDT,1779227527926,2026-05-19T21:52:07.926000+00:00,sell,77009.58,0.012181,103624603323
HTX,BTCUSDT,1779227550243,2026-05-19T21:52:30.243000+00:00,buy,77009.59,0.005777,103624603324
HTX,BTCUSDT,1779227581517,2026-05-19T21:53:01.517000+00:00,buy,77009.59,0.052008,103624603325
HTX,BTCUSDT,1779227581517,2026-05-19T21:53:01.517000+00:00,buy,77009.59,0.255986,103624603326
HTX,BTCUSDT,1779227613421,2026-05-19T21:53:33.421000+00:00,sell,77028.2,1.6e-05,103624603327
HTX,BTCUSDT,1779227656987,2026-05-19T21:54:16.987000+00:00,buy,77019.96,0.006328,103624603328
HTX,BTCUSDT,1779227661401,2026-05-19T21:54:21.401000+00:00,buy,77019.96,0.000129836473558282,103624603329
HTX,BTCUSDT,1779227667952,2026-05-19T21:54:27.952000+00:00,sell,77019.95,0.000255,103624603330
HTX,BTCUSDT,1779227675008,2026-05-19T21:54:35.008000+00:00,sell,77019.95,1.6e-05,103624603331
HTX,BTCUSDT,1779227686209,2026-05-19T21:54:46.209000+00:00,sell,77019.95,1.6e-05,103624603332
HTX,BTCUSDT,1779227691411,2026-05-19T21:54:51.411000+00:00,buy,77019.96,0.000142,103624603333
HTX,BTCUSDT,1779227696902,2026-05-19T21:54:56.902000+00:00,sell,77019.95,1.6e-05,103624603334
HTX,BTCUSDT,1779227748807,2026-05-19T21:55:48.807000+00:00,sell,77019.95,1.6e-05,103624603335
HTX,BTCUSDT,1779227787592,2026-05-19T21:56:27.592000+00:00,buy,77012.09,3.3e-05,103624603336
HTX,BTCUSDT,1779227863845,2026-05-19T21:57:43.845000+00:00,sell,76995.76,1.6e-05,103624603337
HTX,BTCUSDT,1779227866573,2026-05-19T21:57:46.573000+00:00,buy,76995.77,0.012260413786367745,103624603338
HTX,BTCUSDT,1779227877111,2026-05-19T21:57:57.111000+00:00,sell,76995.76,1.6e-05,103624603339
HTX,BTCUSDT,1779227880199,2026-05-19T21:58:00.199000+00:00,sell,76995.76,1.6e-05,103624603340
HTX,BTCUSDT,1779227886331,2026-05-19T21:58:06.331000+00:00,sell,76995.76,1.6e-05,103624603341
HTX,BTCUSDT,1779227898298,2026-05-19T21:58:18.298000+00:00,sell,76995.2,1.6e-05,103624603342
HTX,BTCUSDT,1779227903904,2026-05-19T21:58:23.904000+00:00,buy,76988.04,1.6e-05,103624603343
HTX,BTCUSDT,1779227909361,2026-05-19T21:58:29.361000+00:00,sell,76991.9,0.09392,103624603344
HTX,BTCUSDT,1779227909361,2026-05-19T21:58:29.361000+00:00,sell,76991.89,0.041177,103624603345
HTX,BTCUSDT,1779227950383,2026-05-19T21:59:10.383000+00:00,buy,77015.62,0.13489096571981113,103624603346
HTX,BTCUSDT,1779227954105,2026-05-19T21:59:14.105000+00:00,sell,77015.61,1.6e-05,103624603347
HTX,BTCUSDT,1779227959846,2026-05-19T21:59:19.846000+00:00,sell,77013.68,0.052008,103624603348
HTX,BTCUSDT,1779227959861,2026-05-19T21:59:19.861000+00:00,sell,77013.68,1.6e-05,103624603349
HTX,BTCUSDT,1779227959879,2026-05-19T21:59:19.879000+00:00,sell,77013.68,0.045278,103624603350
HTX,BTCUSDT,1779227959879,2026-05-19T21:59:19.879000+00:00,sell,77013.68,0.592548,103624603351
HTX,BTCUSDT,1779227959882,2026-05-19T21:59:19.882000+00:00,sell,77010.64,0.002377,103624603352
HTX,BTCUSDT,1779227959882,2026-05-19T21:59:19.882000+00:00,sell,77009.46,0.002238,103624603353
HTX,BTCUSDT,1779227959882,2026-05-19T21:59:19.882000+00:00,sell,77008.37,0.001997,103624603354
HTX,BTCUSDT,1779227959882,2026-05-19T21:59:19.882000+00:00,sell,77008.37,0.008751,103624603355
HTX,BTCUSDT,1779227960632,2026-05-19T21:59:20.632000+00:00,sell,76999.17,1.6e-05,103624603356
HTX,BTCUSDT,1779227965750,2026-05-19T21:59:25.750000+00:00,sell,76994.15,1.6e-05,103624603357
HTX,BTCUSDT,1779227968494,2026-05-19T21:59:28.494000+00:00,sell,76984.58,0.067962,103624603358
HTX,BTCUSDT,1779227968494,2026-05-19T21:59:28.494000+00:00,sell,76984.5,0.002078,103624603359
HTX,BTCUSDT,1779227968494,2026-05-19T21:59:28.494000+00:00,sell,76984.5,0.008129,103624603360
HTX,BTCUSDT,1779227968496,2026-05-19T21:59:28.496000+00:00,sell,76978.59,1.6e-05,103624603361
HTX,BTCUSDT,1779227986952,2026-05-19T21:59:46.952000+00:00,sell,76977.55,0.000916,103624603362
HTX,BTCUSDT,1779228000782,2026-05-19T22:00:00.782000+00:00,sell,76969.34,0.01507,103624603363
HTX,BTCUSDT,1779228000782,2026-05-19T22:00:00.782000+00:00,sell,76969.34,0.03,103624603364
HTX,BTCUSDT,1779228000782,2026-05-19T22:00:00.782000+00:00,sell,76969.34,0.088436,103624603365
HTX,BTCUSDT,1779228000919,2026-05-19T22:00:00.919000+00:00,buy,76956.66,0.000129943269367459,103624603366
HTX,BTCUSDT,1779228002525,2026-05-19T22:00:02.525000+00:00,buy,76962.01,0.000194901354577407,103624603367
HTX,BTCUSDT,1779228003360,2026-05-19T22:00:03.360000+00:00,buy,76962.01,0.000324835590962346,103624603368
HTX,BTCUSDT,1779228003488,2026-05-19T22:00:03.488000+00:00,buy,76962.01,0.000259868472769876,103624603369
HTX,BTCUSDT,1779228005858,2026-05-19T22:00:05.858000+00:00,sell,76953.27,1.6e-05,103624603370
HTX,BTCUSDT,1779228007428,2026-05-19T22:00:07.428000+00:00,buy,76939.29,7.7983563404341e-05,103624603371
HTX,BTCUSDT,1779228022086,2026-05-19T22:00:22.086000+00:00,sell,76924.95,1.6e-05,103624603372
HTX,BTCUSDT,1779228022237,2026-05-19T22:00:22.237000+00:00,sell,76924.95,0.029984,103624603373
HTX,BTCUSDT,1779228022237,2026-05-19T22:00:22.237000+00:00,sell,76924.95,0.158199,103624603374
HTX,BTCUSDT,1779228026498,2026-05-19T22:00:26.498000+00:00,buy,76909.0,0.005058,103624603375
HTX,BTCUSDT,1779228027084,2026-05-19T22:00:27.084000+00:00,sell,76908.99,1.6e-05,103624603376
HTX,BTCUSDT,1779228027748,2026-05-19T22:00:27.748000+00:00,sell,76908.99,1.6e-05,103624603377
HTX,BTCUSDT,1779228028004,2026-05-19T22:00:28.004000+00:00,sell,76908.99,9.9e-05,103624603378
HTX,BTCUSDT,1779228028004,2026-05-19T22:00:28.004000+00:00,sell,76903.99,0.002086,103624603379
HTX,BTCUSDT,1779228028004,2026-05-19T22:00:28.004000+00:00,sell,76903.99,0.011073,103624603380
HTX,BTCUSDT,1779228028028,2026-05-19T22:00:28.028000+00:00,sell,76897.3,0.007774,103624603381
HTX,BTCUSDT,1779228028028,2026-05-19T22:00:28.028000+00:00,sell,76897.18,0.004225,103624603382
HTX,BTCUSDT,1779228028028,2026-05-19T22:00:28.028000+00:00,sell,76888.91,0.006895,103624603383
HTX,BTCUSDT,1779228028028,2026-05-19T22:00:28.028000+00:00,sell,76886.46,0.00208,103624603384
HTX,BTCUSDT,1779228028028,2026-05-19T22:00:28.028000+00:00,sell,76885.44,0.0065,103624603385
HTX,BTCUSDT,1779228028028,2026-05-19T22:00:28.028000+00:00,sell,76885.44,0.031061,103624603386
HTX,BTCUSDT,1779228028029,2026-05-19T22:00:28.029000+00:00,sell,76882.89,0.0065,103624603387
HTX,BTCUSDT,1779228028029,2026-05-19T22:00:28.029000+00:00,sell,76881.56,0.013937,103624603388
HTX,BTCUSDT,1779228028029,2026-05-19T22:00:28.029000+00:00,sell,76879.15,0.01873,103624603389
HTX,BTCUSDT,1779228028032,2026-05-19T22:00:28.032000+00:00,sell,76877.39,0.006852,103624603390
HTX,BTCUSDT,1779228028042,2026-05-19T22:00:28.042000+00:00,sell,76891.16,0.002006,103624603391
HTX,BTCUSDT,1779228028044,2026-05-19T22:00:28.044000+00:00,sell,76885.49,0.003691,103624603392
HTX,BTCUSDT,1779228028948,2026-05-19T22:00:28.948000+00:00,buy,76862.93,0.746794,103624603393
HTX,BTCUSDT,1779228031483,2026-05-19T22:00:31.483000+00:00,sell,76863.53,0.002228,103624603394
HTX,BTCUSDT,1779228031483,2026-05-19T22:00:31.483000+00:00,sell,76860.27,0.003692,103624603395
HTX,BTCUSDT,1779228031483,2026-05-19T22:00:31.483000+00:00,sell,76863.53,0.010783,103624603396
HTX,BTCUSDT,1779228031533,2026-05-19T22:00:31.533000+00:00,sell,76854.98,0.126353,103624603397
HTX,BTCUSDT,1779228031533,2026-05-19T22:00:31.533000+00:00,sell,76854.98,0.44772,103624603398
HTX,BTCUSDT,1779228031534,2026-05-19T22:00:31.534000+00:00,sell,76851.61,0.003832,103624603399
HTX,BTCUSDT,1779228031534,2026-05-19T22:00:31.534000+00:00,sell,76851.33,0.007956,103624603400
HTX,BTCUSDT,1779228031534,2026-05-19T22:00:31.534000+00:00,sell,76851.33,0.029985,103624603401
HTX,BTCUSDT,1779228041915,2026-05-19T22:00:41.915000+00:00,buy,76831.16,0.005006,103624603402
HTX,BTCUSDT,1779228042191,2026-05-19T22:00:42.191000+00:00,sell,76828.37,0.002137,103624603403
HTX,BTCUSDT,1779228042191,2026-05-19T22:00:42.191000+00:00,sell,76827.97,0.002082,103624603404
HTX,BTCUSDT,1779228042191,2026-05-19T22:00:42.191000+00:00,sell,76824.84,0.002284,103624603405
HTX,BTCUSDT,1779228042191,2026-05-19T22:00:42.191000+00:00,sell,76823.7,0.002361,103624603406
HTX,BTCUSDT,1779228042191,2026-05-19T22:00:42.191000+00:00,sell,76822.08,0.004262,103624603407
HTX,BTCUSDT,1779228042191,2026-05-19T22:00:42.191000+00:00,sell,76820.74,0.018744,103624603408
HTX,BTCUSDT,1779228042191,2026-05-19T22:00:42.191000+00:00,sell,76816.53,0.003895,103624603409
HTX,BTCUSDT,1779228042191,2026-05-19T22:00:42.191000+00:00,sell,76816.53,0.020348,103624603410
HTX,BTCUSDT,1779228042196,2026-05-19T22:00:42.196000+00:00,sell,76816.06,0.033849,103624603411
HTX,BTCUSDT,1779228042196,2026-05-19T22:00:42.196000+00:00,sell,76812.42,0.007285,103624603412
HTX,BTCUSDT,1779228042196,2026-05-19T22:00:42.196000+00:00,sell,76812.42,0.034584,103624603413
HTX,BTCUSDT,1779228042201,2026-05-19T22:00:42.201000+00:00,sell,76804.9,0.014555,103624603414
HTX,BTCUSDT,1779228042201,2026-05-19T22:00:42.201000+00:00,sell,76800.66,0.001,103624603415
HTX,BTCUSDT,1779228042231,2026-05-19T22:00:42.231000+00:00,sell,76800.48,0.003628,103624603416
HTX,BTCUSDT,1779228042231,2026-05-19T22:00:42.231000+00:00,sell,76796.19,0.052062,103624603417
HTX,BTCUSDT,1779228042231,2026-05-19T22:00:42.231000+00:00,sell,76792.62,0.004237,103624603418
HTX,BTCUSDT,1779228042234,2026-05-19T22:00:42.234000+00:00,sell,76791.04,0.027665,103624603419
HTX,BTCUSDT,1779228062151,2026-05-19T22:01:02.151000+00:00,sell,76861.6,1.6e-05,103624603420
HTX,BTCUSDT,1779228062247,2026-05-19T22:01:02.247000+00:00,sell,76861.6,0.002307,103624603421
HTX,BTCUSDT,1779228062247,2026-05-19T22:01:02.247000+00:00,sell,76861.6,0.01272,103624603422
HTX,BTCUSDT,1779228067693,2026-05-19T22:01:07.693000+00:00,sell,76841.35,0.008602,103624603423
HTX,BTCUSDT,1779228071631,2026-05-19T22:01:11.631000+00:00,buy,76862.51,0.05219951924663922,103624603424
HTX,BTCUSDT,1779228094975,2026-05-19T22:01:34.975000+00:00,sell,76883.54,0.03,103624603425
HTX,BTCUSDT,1779228094975,2026-05-19T22:01:34.975000+00:00,sell,76883.54,0.052016,103624603426
HTX,BTCUSDT,1779228094975,2026-05-19T22:01:34.975000+00:00,sell,76883.54,0.317161,103624603427
HTX,BTCUSDT,1779228128647,2026-05-19T22:02:08.647000+00:00,sell,76885.27,1.6e-05,103624603428
HTX,BTCUSDT,1779228137062,2026-05-19T22:02:17.062000+00:00,sell,76871.78,1.9e-05,103624603429
HTX,BTCUSDT,1779228137062,2026-05-19T22:02:17.062000+00:00,sell,76867.3,0.004274,103624603430
HTX,BTCUSDT,1779228137062,2026-05-19T22:02:17.062000+00:00,sell,76867.3,0.023778,103624603431
HTX,BTCUSDT,1779228145604,2026-05-19T22:02:25.604000+00:00,sell,76843.15,1.6e-05,103624603432
HTX,BTCUSDT,1779228147925,2026-05-19T22:02:27.925000+00:00,sell,76834.59,1.6e-05,103624603433
HTX,BTCUSDT,1779228149472,2026-05-19T22:02:29.472000+00:00,sell,76825.33,1.6e-05,103624603434
HTX,BTCUSDT,1779228161604,2026-05-19T22:02:41.604000+00:00,sell,76847.15,1.6e-05,103624603435
HTX,BTCUSDT,1779228163912,2026-05-19T22:02:43.912000+00:00,sell,76847.15,1.6e-05,103624603436
HTX,BTCUSDT,1779228175456,2026-05-19T22:02:55.456000+00:00,buy,76829.04,1.6415954826456e-05,103624603437
HTX,BTCUSDT,1779228198137,2026-05-19T22:03:18.137000+00:00,sell,76828.47,1.6e-05,103624603438
HTX,BTCUSDT,1779228211114,2026-05-19T22:03:31.114000+00:00,sell,76840.4,1.6e-05,103624603439
HTX,BTCUSDT,1779228221236,2026-05-19T22:03:41.236000+00:00,sell,76832.05,1.6e-05,103624603440
HTX,BTCUSDT,1779228230606,2026-05-19T22:03:50.606000+00:00,sell,76832.05,1.6e-05,103624603441
HTX,BTCUSDT,1779228230676,2026-05-19T22:03:50.676000+00:00,sell,76832.05,0.000499,103624603442
HTX,BTCUSDT,1779228230676,2026-05-19T22:03:50.676000+00:00,sell,76831.13,0.008855,103624603443
HTX,BTCUSDT,1779228230676,2026-05-19T22:03:50.676000+00:00,sell,76832.05,0.00297,103624603444
HTX,BTCUSDT,1779228230677,2026-05-19T22:03:50.677000+00:00,sell,76831.13,0.00478,103624603445
HTX,BTCUSDT,1779228233949,2026-05-19T22:03:53.949000+00:00,sell,76822.89,1.6e-05,103624603446
HTX,BTCUSDT,1779228241219,2026-05-19T22:04:01.219000+00:00,sell,76817.88,0.052133,103624603447
HTX,BTCUSDT,1779228241219,2026-05-19T22:04:01.219000+00:00,sell,76817.88,0.03,103624603448
HTX,BTCUSDT,1779228241219,2026-05-19T22:04:01.219000+00:00,sell,76814.51,0.014362,103624603449
HTX,BTCUSDT,1779228241219,2026-05-19T22:04:01.219000+00:00,sell,76811.61,0.002369,103624603450
HTX,BTCUSDT,1779228241219,2026-05-19T22:04:01.219000+00:00,sell,76811.61,0.009457,103624603451
HTX,BTCUSDT,1779228241225,2026-05-19T22:04:01.225000+00:00,sell,76808.97,0.007142,103624603452
HTX,BTCUSDT,1779228241225,2026-05-19T22:04:01.225000+00:00,sell,76808.73,0.004077,103624603453
HTX,BTCUSDT,1779228241225,2026-05-19T22:04:01.225000+00:00,sell,76808.73,0.012535,103624603454
HTX,BTCUSDT,1779228241420,2026-05-19T22:04:01.420000+00:00,sell,76799.89,0.027474,103624603455
HTX,BTCUSDT,1779228249005,2026-05-19T22:04:09.005000+00:00,sell,76795.11,1.6e-05,103624603456
HTX,BTCUSDT,1779228251500,2026-05-19T22:04:11.500000+00:00,sell,76796.35,1.6e-05,103624603457
HTX,BTCUSDT,1779228266967,2026-05-19T22:04:26.967000+00:00,buy,76830.03,1.6e-05,103624603458
HTX,BTCUSDT,1779228277397,2026-05-19T22:04:37.397000+00:00,buy,76842.01,1.6e-05,103624603459
HTX,BTCUSDT,1779228279435,2026-05-19T22:04:39.435000+00:00,buy,76850.63,1.6e-05,103624603460
HTX,BTCUSDT,1779228296574,2026-05-19T22:04:56.574000+00:00,sell,76850.59,1.6e-05,103624603461
HTX,BTCUSDT,1779228297160,2026-05-19T22:04:57.160000+00:00,sell,76850.59,1.6e-05,103624603462
HTX,BTCUSDT,1779228315100,2026-05-19T22:05:15.100000+00:00,buy,76836.1,1.6e-05,103624603463
HTX,BTCUSDT,1779228324136,2026-05-19T22:05:24.136000+00:00,buy,76852.3,1.6e-05,103624603464
HTX,BTCUSDT,1779228324934,2026-05-19T22:05:24.934000+00:00,buy,76858.6,0.000492,103624603465
HTX,BTCUSDT,1779228324934,2026-05-19T22:05:24.934000+00:00,buy,76858.61,0.001110999855448856,103624603466
HTX,BTCUSDT,1779228326711,2026-05-19T22:05:26.711000+00:00,buy,76858.74,1.6e-05,103624603467
HTX,BTCUSDT,1779228332332,2026-05-19T22:05:32.332000+00:00,sell,76853.45,0.002275,103624603468
HTX,BTCUSDT,1779228332332,2026-05-19T22:05:32.332000+00:00,sell,76853.45,0.011538,103624603469
HTX,BTCUSDT,1779228332975,2026-05-19T22:05:32.975000+00:00,buy,76842.71,0.004654970861907394,103624603470
HTX,BTCUSDT,1779228365178,2026-05-19T22:06:05.178000+00:00,buy,76833.61,0.09392,103624603471
HTX,BTCUSDT,1779228365178,2026-05-19T22:06:05.178000+00:00,buy,76833.61,0.035654383377274605,103624603472
HTX,BTCUSDT,1779228400979,2026-05-19T22:06:40.979000+00:00,sell,76829.19,1.6e-05,103624603473
HTX,BTCUSDT,1779228415383,2026-05-19T22:06:55.383000+00:00,sell,76823.13,1.6e-05,103624603474
HTX,BTCUSDT,1779228431097,2026-05-19T22:07:11.097000+00:00,buy,76803.21,0.004554,103624603475
HTX,BTCUSDT,1779228431323,2026-05-19T22:07:11.323000+00:00,sell,76803.2,1.6e-05,103624603476
HTX,BTCUSDT,1779228432571,2026-05-19T22:07:12.571000+00:00,buy,76803.21,0.00586,103624603477
HTX,BTCUSDT,1779228433061,2026-05-19T22:07:13.061000+00:00,sell,76803.2,1.6e-05,103624603478
HTX,BTCUSDT,1779228449950,2026-05-19T22:07:29.950000+00:00,buy,76820.78,1.6e-05,103624603479
HTX,BTCUSDT,1779228456038,2026-05-19T22:07:36.038000+00:00,sell,76823.98,5.4e-05,103624603480
HTX,BTCUSDT,1779228461256,2026-05-19T22:07:41.256000+00:00,sell,76823.98,1.6e-05,103624603481
HTX,BTCUSDT,1779228484367,2026-05-19T22:08:04.367000+00:00,buy,76820.71,4.8421954183969e-05,103624603482
HTX,BTCUSDT,1779228511835,2026-05-19T22:08:31.835000+00:00,sell,76838.79,0.005621,103624603483
HTX,BTCUSDT,1779228514360,2026-05-19T22:08:34.360000+00:00,buy,76838.8,1.6e-05,103624603484
HTX,BTCUSDT,1779228540568,2026-05-19T22:09:00.568000+00:00,buy,76838.93,0.017561,103624603485
HTX,BTCUSDT,1779228585052,2026-05-19T22:09:45.052000+00:00,sell,76813.43,1.6e-05,103624603486
HTX,BTCUSDT,1779228591364,2026-05-19T22:09:51.364000+00:00,sell,76808.03,1.6e-05,103624603487
HTX,BTCUSDT,1779228603995,2026-05-19T22:10:03.995000+00:00,buy,76816.1,0.017691603713284064,103624603488
HTX,BTCUSDT,1779228628410,2026-05-19T22:10:28.410000+00:00,sell,76808.42,1.6e-05,103624603489
HTX,BTCUSDT,1779228631250,2026-05-19T22:10:31.250000+00:00,sell,76800.36,1.6e-05,103624603490
HTX,BTCUSDT,1779228633924,2026-05-19T22:10:33.924000+00:00,sell,76800.35,0.002083,103624603491
HTX,BTCUSDT,1779228633924,2026-05-19T22:10:33.924000+00:00,sell,76796.97,0.014436,103624603492
HTX,BTCUSDT,1779228633924,2026-05-19T22:10:33.924000+00:00,sell,76800.35,0.007378,103624603493
HTX,BTCUSDT,1779228639606,2026-05-19T22:10:39.606000+00:00,sell,76796.98,1.6e-05,103624603494
HTX,BTCUSDT,1779228649353,2026-05-19T22:10:49.353000+00:00,sell,76796.97,1.6e-05,103624603495
HTX,BTCUSDT,1779228651668,2026-05-19T22:10:51.668000+00:00,buy,76800.34,1.6e-05,103624603496
HTX,BTCUSDT,1779228654118,2026-05-19T22:10:54.118000+00:00,sell,76813.5,0.000508,103624603497
HTX,BTCUSDT,1779228654118,2026-05-19T22:10:54.118000+00:00,sell,76813.05,0.018746,103624603498
HTX,BTCUSDT,1779228654118,2026-05-19T22:10:54.118000+00:00,sell,76811.76,0.0008,103624603499
HTX,BTCUSDT,1779228654118,2026-05-19T22:10:54.118000+00:00,sell,76808.34,0.002132,103624603500
HTX,BTCUSDT,1779228654118,2026-05-19T22:10:54.118000+00:00,sell,76811.76,0.00335,103624603501
HTX,BTCUSDT,1779228654123,2026-05-19T22:10:54.123000+00:00,sell,76807.2,1.6e-05,103624603502
HTX,BTCUSDT,1779228657792,2026-05-19T22:10:57.792000+00:00,buy,76800.52,0.000524,103624603503
HTX,BTCUSDT,1779228657792,2026-05-19T22:10:57.792000+00:00,buy,76800.52,0.002635,103624603504
HTX,BTCUSDT,1779228662409,2026-05-19T22:11:02.409000+00:00,sell,76806.98,0.000524,103624603505
HTX,BTCUSDT,1779228662409,2026-05-19T22:11:02.409000+00:00,sell,76806.97,0.017807,103624603506
HTX,BTCUSDT,1779228662409,2026-05-19T22:11:02.409000+00:00,sell,76806.98,0.001777,103624603507
HTX,BTCUSDT,1779228684291,2026-05-19T22:11:24.291000+00:00,sell,76813.88,1.6e-05,103624603508
HTX,BTCUSDT,1779228695867,2026-05-19T22:11:35.867000+00:00,sell,76794.96,1.6e-05,103624603509
HTX,BTCUSDT,1779228695875,2026-05-19T22:11:35.875000+00:00,buy,76794.97,0.052132,103624603510
HTX,BTCUSDT,1779228695875,2026-05-19T22:11:35.875000+00:00,buy,76794.97,0.435358,103624603511
HTX,BTCUSDT,1779228700265,2026-05-19T22:11:40.265000+00:00,sell,76797.74,0.003702,103624603512
HTX,BTCUSDT,1779228701798,2026-05-19T22:11:41.798000+00:00,sell,76797.74,0.026103,103624603513
HTX,BTCUSDT,1779228701804,2026-05-19T22:11:41.804000+00:00,sell,76797.74,0.003897,103624603514
HTX,BTCUSDT,1779228701804,2026-05-19T22:11:41.804000+00:00,sell,76797.74,3.403054,103624603515
HTX,BTCUSDT,1779228726554,2026-05-19T22:12:06.554000+00:00,buy,76788.5,1.6e-05,103624603516
HTX,BTCUSDT,1779228727108,2026-05-19T22:12:07.108000+00:00,buy,76788.5,1.6e-05,103624603517
HTX,BTCUSDT,1779228808492,2026-05-19T22:13:28.492000+00:00,buy,76797.78,0.001128,103624603518
HTX,BTCUSDT,1779228872414,2026-05-19T22:14:32.414000+00:00,sell,76789.22,0.03,103624603519
HTX,BTCUSDT,1779228872414,2026-05-19T22:14:32.414000+00:00,sell,76789.22,0.052152,103624603520
HTX,BTCUSDT,1779228872414,2026-05-19T22:14:32.414000+00:00,sell,76789.22,0.437109,103624603521
HTX,BTCUSDT,1779228875698,2026-05-19T22:14:35.698000+00:00,buy,76787.61,0.000632,103624603522
HTX,BTCUSDT,1779228876573,2026-05-19T22:14:36.573000+00:00,sell,76787.6,1.6e-05,103624603523
HTX,BTCUSDT,1779228878011,2026-05-19T22:14:38.011000+00:00,sell,76787.6,0.022969,103624603524
HTX,BTCUSDT,1779228878016,2026-05-19T22:14:38.016000+00:00,sell,76787.6,0.017685,103624603525
HTX,BTCUSDT,1779228878016,2026-05-19T22:14:38.016000+00:00,sell,76787.6,0.17045,103624603526
HTX,BTCUSDT,1779228897225,2026-05-19T22:14:57.225000+00:00,buy,76781.28,1.4e-05,103624603527
HTX,BTCUSDT,1779228905054,2026-05-19T22:15:05.054000+00:00,sell,76757.98,1.6e-05,103624603528
HTX,BTCUSDT,1779228916533,2026-05-19T22:15:16.533000+00:00,sell,76723.02,0.040499,103624603529
HTX,BTCUSDT,1779228916533,2026-05-19T22:15:16.533000+00:00,sell,76723.0,0.000901,103624603530
HTX,BTCUSDT,1779228916533,2026-05-19T22:15:16.533000+00:00,sell,76723.02,0.15253,103624603531
HTX,BTCUSDT,1779228916548,2026-05-19T22:15:16.548000+00:00,sell,76723.0,9.9e-05,103624603532
HTX,BTCUSDT,1779228916548,2026-05-19T22:15:16.548000+00:00,sell,76720.5,0.003801,103624603533
HTX,BTCUSDT,1779228916548,2026-05-19T22:15:16.548000+00:00,sell,76723.0,0.005246,103624603534
HTX,BTCUSDT,1779228922318,2026-05-19T22:15:22.318000+00:00,buy,76721.91,0.000261,103624603535
HTX,BTCUSDT,1779228922318,2026-05-19T22:15:22.318000+00:00,buy,76721.92,0.012769,103624603536
HTX,BTCUSDT,1779228926640,2026-05-19T22:15:26.640000+00:00,sell,76718.0,1.6e-05,103624603537
HTX,BTCUSDT,1779228926717,2026-05-19T22:15:26.717000+00:00,sell,76718.0,0.000984,103624603538
HTX,BTCUSDT,1779228926717,2026-05-19T22:15:26.717000+00:00,sell,76714.38,0.00239,103624603539
HTX,BTCUSDT,1779228926717,2026-05-19T22:15:26.717000+00:00,sell,76714.38,0.01166,103624603540
HTX,BTCUSDT,1779228926827,2026-05-19T22:15:26.827000+00:00,buy,76703.64,0.001242,103624603541
HTX,BTCUSDT,1779228931240,2026-05-19T22:15:31.240000+00:00,buy,76694.85,9e-05,103624603542
HTX,BTCUSDT,1779228938367,2026-05-19T22:15:38.367000+00:00,buy,76700.81,0.0063,103624603543
HTX,BTCUSDT,1779228939452,2026-05-19T22:15:39.452000+00:00,buy,76700.81,1.2e-05,103624603544
HTX,BTCUSDT,1779228939452,2026-05-19T22:15:39.452000+00:00,buy,76700.81,6.8e-05,103624603545
HTX,BTCUSDT,1779228939459,2026-05-19T22:15:39.459000+00:00,buy,76704.67,0.043193,103624603546
HTX,BTCUSDT,1779228943682,2026-05-19T22:15:43.682000+00:00,buy,76711.12,0.0378,103624603547
HTX,BTCUSDT,1779228945310,2026-05-19T22:15:45.310000+00:00,buy,76729.14,0.003005,103624603548
HTX,BTCUSDT,1779228945310,2026-05-19T22:15:45.310000+00:00,buy,76729.14,0.017514,103624603549
HTX,BTCUSDT,1779228945344,2026-05-19T22:15:45.344000+00:00,buy,76758.2,0.012911,103624603550
HTX,BTCUSDT,1779228945345,2026-05-19T22:15:45.345000+00:00,buy,76758.2,0.031305,103624603551
HTX,BTCUSDT,1779228945370,2026-05-19T22:15:45.370000+00:00,buy,76758.2,0.001409,103624603552
HTX,BTCUSDT,1779228945377,2026-05-19T22:15:45.377000+00:00,buy,76761.0,0.001,103624603553
HTX,BTCUSDT,1779228945377,2026-05-19T22:15:45.377000+00:00,buy,76764.5,0.002089,103624603554
HTX,BTCUSDT,1779228945382,2026-05-19T22:15:45.382000+00:00,buy,76766.11,0.002368,103624603555
HTX,BTCUSDT,1779228947992,2026-05-19T22:15:47.992000+00:00,buy,76761.97,0.19507884694022312,103624603556
HTX,BTCUSDT,1779228951517,2026-05-19T22:15:51.517000+00:00,sell,76766.01,1.6e-05,103624603557
HTX,BTCUSDT,1779228954285,2026-05-19T22:15:54.285000+00:00,buy,76762.04,1.6e-05,103624603558
HTX,BTCUSDT,1779228958249,2026-05-19T22:15:58.249000+00:00,sell,76762.03,0.002084,103624603559
HTX,BTCUSDT,1779228958249,2026-05-19T22:15:58.249000+00:00,sell,76761.23,0.002077,103624603560
HTX,BTCUSDT,1779228958249,2026-05-19T22:15:58.249000+00:00,sell,76761.23,0.012421,103624603561
HTX,BTCUSDT,1779228962994,2026-05-19T22:16:02.994000+00:00,sell,76751.14,1.6e-05,103624603562
HTX,BTCUSDT,1779228977115,2026-05-19T22:16:17.115000+00:00,buy,76741.91,0.0025,103624603563
HTX,BTCUSDT,1779228977115,2026-05-19T22:16:17.115000+00:00,buy,76741.91,0.615657,103624603564
HTX,BTCUSDT,1779228980617,2026-05-19T22:16:20.617000+00:00,sell,76744.8,0.0025,103624603565
HTX,BTCUSDT,1779228993910,2026-05-19T22:16:33.910000+00:00,sell,76735.73,1.6e-05,103624603566
HTX,BTCUSDT,1779228999576,2026-05-19T22:16:39.576000+00:00,buy,76735.74,0.009174,103624603567
HTX,BTCUSDT,1779229006198,2026-05-19T22:16:46.198000+00:00,sell,76735.73,1.6e-05,103624603568
HTX,BTCUSDT,1779229025404,2026-05-19T22:17:05.404000+00:00,sell,76743.1,0.002064,103624603569
HTX,BTCUSDT,1779229025404,2026-05-19T22:17:05.404000+00:00,sell,76742.73,0.002084,103624603570
HTX,BTCUSDT,1779229025404,2026-05-19T22:17:05.404000+00:00,sell,76741.96,0.002032,103624603571
HTX,BTCUSDT,1779229025404,2026-05-19T22:17:05.404000+00:00,sell,76741.96,0.011176,103624603572
HTX,BTCUSDT,1779229025483,2026-05-19T22:17:05.483000+00:00,sell,76735.73,0.04727,103624603573
HTX,BTCUSDT,1779229025485,2026-05-19T22:17:05.485000+00:00,sell,76735.73,0.138144,103624603574
HTX,BTCUSDT,1779229025485,2026-05-19T22:17:05.485000+00:00,sell,76735.73,0.012711,103624603575
HTX,BTCUSDT,1779229025485,2026-05-19T22:17:05.485000+00:00,sell,76735.73,1.089792,103624603576
HTX,BTCUSDT,1779229026361,2026-05-19T22:17:06.361000+00:00,buy,76726.07,0.000897,103624603577
HTX,BTCUSDT,1779229032624,2026-05-19T22:17:12.624000+00:00,sell,76721.38,0.01294,103624603578
HTX,BTCUSDT,1779229035124,2026-05-19T22:17:15.124000+00:00,sell,76719.1,0.000807,103624603579
HTX,BTCUSDT,1779229061372,2026-05-19T22:17:41.372000+00:00,buy,76712.21,1.6e-05,103624603580
HTX,BTCUSDT,1779229064911,2026-05-19T22:17:44.911000+00:00,buy,76712.21,0.0139,103624603581
HTX,BTCUSDT,1779229064932,2026-05-19T22:17:44.932000+00:00,buy,76712.21,1.6e-05,103624603582
HTX,BTCUSDT,1779229066140,2026-05-19T22:17:46.140000+00:00,buy,76712.21,1.6e-05,103624603583
HTX,BTCUSDT,1779229066142,2026-05-19T22:17:46.142000+00:00,buy,76712.21,9e-06,103624603584
HTX,BTCUSDT,1779229066142,2026-05-19T22:17:46.142000+00:00,buy,76712.21,0.000116,103624603585
HTX,BTCUSDT,1779229067831,2026-05-19T22:17:47.831000+00:00,sell,76723.22,0.002317,103624603586
HTX,BTCUSDT,1779229084328,2026-05-19T22:18:04.328000+00:00,buy,76728.51,2.9599582215267e-05,103624603587
HTX,BTCUSDT,1779229097512,2026-05-19T22:18:17.512000+00:00,buy,76747.57,1.6e-05,103624603588
HTX,BTCUSDT,1779229097523,2026-05-19T22:18:17.523000+00:00,buy,76747.57,0.011493,103624603589
HTX,BTCUSDT,1779229097523,2026-05-19T22:18:17.523000+00:00,buy,76747.57,0.037586,103624603590
HTX,BTCUSDT,1779229098418,2026-05-19T22:18:18.418000+00:00,buy,76760.66,1.6e-05,103624603591
HTX,BTCUSDT,1779229117825,2026-05-19T22:18:37.825000+00:00,sell,76761.88,0.182476,103624603592
HTX,BTCUSDT,1779229117825,2026-05-19T22:18:37.825000+00:00,sell,76761.88,1.353688,103624603593
HTX,BTCUSDT,1779229133094,2026-05-19T22:18:53.094000+00:00,buy,76750.67,0.0022,103624603594
HTX,BTCUSDT,1779229133094,2026-05-19T22:18:53.094000+00:00,buy,76750.67,0.011143,103624603595
HTX,BTCUSDT,1779229159884,2026-05-19T22:19:19.884000+00:00,sell,76753.05,1.6e-05,103624603596
HTX,BTCUSDT,1779229180707,2026-05-19T22:19:40.707000+00:00,buy,76750.84,1.6e-05,103624603597
HTX,BTCUSDT,1779229211588,2026-05-19T22:20:11.588000+00:00,sell,76735.19,1.6e-05,103624603598
HTX,BTCUSDT,1779229212084,2026-05-19T22:20:12.084000+00:00,buy,76735.2,1.6e-05,103624603599
HTX,BTCUSDT,1779229217578,2026-05-19T22:20:17.578000+00:00,buy,76745.77,1.6e-05,103624603600
HTX,BTCUSDT,1779229219700,2026-05-19T22:20:19.700000+00:00,sell,76751.41,0.000628,103624603601
HTX,BTCUSDT,1779229221326,2026-05-19T22:20:21.326000+00:00,buy,76751.42,1.6e-05,103624603602
HTX,BTCUSDT,1779229227251,2026-05-19T22:20:27.251000+00:00,sell,76751.05,1.6e-05,103624603603
HTX,BTCUSDT,1779229264931,2026-05-19T22:21:04.931000+00:00,buy,76739.9,1.6e-05,103624603604
HTX,BTCUSDT,1779229284350,2026-05-19T22:21:24.350000+00:00,sell,76756.64,1.6e-05,103624603605
HTX,BTCUSDT,1779229286103,2026-05-19T22:21:26.103000+00:00,buy,76748.03,0.000286,103624603606
HTX,BTCUSDT,1779229307655,2026-05-19T22:21:47.655000+00:00,buy,76728.49,0.03909890576499029,103624603607
HTX,BTCUSDT,1779229309859,2026-05-19T22:21:49.859000+00:00,sell,76728.48,1.6e-05,103624603608
HTX,BTCUSDT,1779229310450,2026-05-19T22:21:50.450000+00:00,sell,76723.83,0.066913,103624603609
HTX,BTCUSDT,1779229310450,2026-05-19T22:21:50.450000+00:00,sell,76719.55,0.187011,103624603610
HTX,BTCUSDT,1779229310450,2026-05-19T22:21:50.450000+00:00,sell,76723.83,0.206202,103624603611
HTX,BTCUSDT,1779229310450,2026-05-19T22:21:50.450000+00:00,sell,76719.55,0.178009,103624603612
HTX,BTCUSDT,1779229310450,2026-05-19T22:21:50.450000+00:00,sell,76719.25,0.004154,103624603613
HTX,BTCUSDT,1779229310450,2026-05-19T22:21:50.450000+00:00,sell,76718.64,0.076279,103624603614
HTX,BTCUSDT,1779229310450,2026-05-19T22:21:50.450000+00:00,sell,76719.25,0.016451,103624603615
HTX,BTCUSDT,1779229314681,2026-05-19T22:21:54.681000+00:00,sell,76708.27,1.6e-05,103624603616
HTX,BTCUSDT,1779229319687,2026-05-19T22:21:59.687000+00:00,sell,76708.27,1.6e-05,103624603617
HTX,BTCUSDT,1779229327062,2026-05-19T22:22:07.062000+00:00,buy,76702.54,0.024791,103624603618
HTX,BTCUSDT,1779229327062,2026-05-19T22:22:07.062000+00:00,buy,76702.54,0.136204,103624603619
HTX,BTCUSDT,1779229332429,2026-05-19T22:22:12.429000+00:00,buy,76713.43,1.6e-05,103624603620
HTX,BTCUSDT,1779229334738,2026-05-19T22:22:14.738000+00:00,buy,76713.43,0.0071,103624603621
HTX,BTCUSDT,1779229336428,2026-05-19T22:22:16.428000+00:00,buy,76713.43,1.6e-05,103624603622
HTX,BTCUSDT,1779229353199,2026-05-19T22:22:33.199000+00:00,buy,76703.49,0.182583,103624603623
HTX,BTCUSDT,1779229353199,2026-05-19T22:22:33.199000+00:00,buy,76703.49,1.233838,103624603624
HTX,BTCUSDT,1779229356929,2026-05-19T22:22:36.929000+00:00,sell,76711.62,1.6e-05,103624603625
HTX,BTCUSDT,1779229385712,2026-05-19T22:23:05.712000+00:00,buy,76727.78,9.1353763656396e-05,103624603626
HTX,BTCUSDT,1779229398561,2026-05-19T22:23:18.561000+00:00,sell,76724.43,0.000572,103624603627
HTX,BTCUSDT,1779229398562,2026-05-19T22:23:18.562000+00:00,sell,76724.43,0.000847,103624603628
HTX,BTCUSDT,1779229480701,2026-05-19T22:24:40.701000+00:00,sell,76688.22,1.6e-05,103624603629
HTX,BTCUSDT,1779229504992,2026-05-19T22:25:04.992000+00:00,sell,76688.72,1.6e-05,103624603630
HTX,BTCUSDT,1779229507453,2026-05-19T22:25:07.453000+00:00,sell,76686.99,1.6e-05,103624603631
