a,p,q,f,l,T,m,M,price,qty,trade_size_usd,symbol
3987120637,63446.34,0.00044,6402588256,6402588256,2026-06-12 03:42:23.718,False,True,63446.34,0.00044,27.9163896,BTCUSDT
3987120638,63446.33,0.0028,6402588257,6402588257,2026-06-12 03:42:23.880,True,True,63446.33,0.0028,177.649724,BTCUSDT
3987120639,63446.34,0.00016,6402588258,6402588258,2026-06-12 03:42:24.271,False,True,63446.34,0.00016,10.1514144,BTCUSDT
3987120640,63446.34,0.00015,6402588259,6402588259,2026-06-12 03:42:24.335,False,True,63446.34,0.00015,9.516950999999999,BTCUSDT
3987120641,63446.34,0.00016,6402588260,6402588260,2026-06-12 03:42:24.370,False,True,63446.34,0.00016,10.1514144,BTCUSDT
3987120642,63446.33,0.0028,6402588261,6402588261,2026-06-12 03:42:25.838,True,True,63446.33,0.0028,177.649724,BTCUSDT
3987120643,63446.33,0.0012,6402588262,6402588262,2026-06-12 03:42:27.186,True,True,63446.33,0.0012,76.13559599999999,BTCUSDT
3987120644,63446.34,0.00157,6402588263,6402588263,2026-06-12 03:42:27.811,False,True,63446.34,0.00157,99.6107538,BTCUSDT
3987120645,63446.33,0.00032,6402588264,6402588264,2026-06-12 03:42:27.867,True,True,63446.33,0.00032,20.302825600000002,BTCUSDT
3987120646,63446.34,0.03152,6402588265,6402588265,2026-06-12 03:42:29.473,False,True,63446.34,0.03152,1999.8286368,BTCUSDT
3987120647,63446.33,0.081,6402588266,6402588266,2026-06-12 03:42:29.785,True,True,63446.33,0.081,5139.152730000001,BTCUSDT
3987120648,63446.34,9e-05,6402588267,6402588267,2026-06-12 03:42:30.675,False,True,63446.34,9e-05,5.7101706,BTCUSDT
3987120649,63446.33,0.0001,6402588268,6402588268,2026-06-12 03:42:31.018,True,True,63446.33,0.0001,6.344633000000001,BTCUSDT
3987120650,63446.34,0.00017,6402588269,6402588269,2026-06-12 03:42:31.361,False,True,63446.34,0.00017,10.7858778,BTCUSDT
3987120651,63446.33,0.002,6402588270,6402588270,2026-06-12 03:42:32.139,True,True,63446.33,0.002,126.89266,BTCUSDT
3987120652,63446.33,0.00016,6402588271,6402588271,2026-06-12 03:42:32.306,True,True,63446.33,0.00016,10.151412800000001,BTCUSDT
3987120653,63446.34,0.00024,6402588272,6402588272,2026-06-12 03:42:32.609,False,True,63446.34,0.00024,15.2271216,BTCUSDT
3987120654,63446.33,0.00073,6402588273,6402588273,2026-06-12 03:42:32.871,True,True,63446.33,0.00073,46.3158209,BTCUSDT
3987120655,63446.33,0.01816,6402588274,6402588274,2026-06-12 03:42:33.590,True,True,63446.33,0.01816,1152.1853528,BTCUSDT
3987120656,63446.33,0.00016,6402588275,6402588275,2026-06-12 03:42:34.424,True,True,63446.33,0.00016,10.151412800000001,BTCUSDT
3987120657,63446.33,0.001,6402588276,6402588276,2026-06-12 03:42:34.517,True,True,63446.33,0.001,63.44633,BTCUSDT
3987120658,63446.33,0.05385,6402588277,6402588293,2026-06-12 03:42:34.667,True,True,63446.33,0.05385,3416.5848705000003,BTCUSDT
3987120659,63446.34,9e-05,6402588294,6402588294,2026-06-12 03:42:34.686,False,True,63446.34,9e-05,5.7101706,BTCUSDT
3987120660,63446.34,0.0001,6402588295,6402588295,2026-06-12 03:42:34.981,False,True,63446.34,0.0001,6.344634,BTCUSDT
3987120661,63446.34,0.03152,6402588296,6402588296,2026-06-12 03:42:35.202,False,True,63446.34,0.03152,1999.8286368,BTCUSDT
3987120662,63446.33,0.00048,6402588297,6402588297,2026-06-12 03:42:35.247,True,True,63446.33,0.00048,30.4542384,BTCUSDT
3987120663,63446.33,0.00016,6402588298,6402588298,2026-06-12 03:42:35.512,True,True,63446.33,0.00016,10.151412800000001,BTCUSDT
3987120664,63446.33,0.01493,6402588299,6402588299,2026-06-12 03:42:35.658,True,True,63446.33,0.01493,947.2537069000001,BTCUSDT
3987120665,63446.33,0.00032,6402588300,6402588300,2026-06-12 03:42:35.862,True,True,63446.33,0.00032,20.302825600000002,BTCUSDT
3987120666,63446.33,0.00016,6402588301,6402588301,2026-06-12 03:42:36.058,True,True,63446.33,0.00016,10.151412800000001,BTCUSDT
3987120667,63446.34,0.0001,6402588302,6402588302,2026-06-12 03:42:36.081,False,True,63446.34,0.0001,6.344634,BTCUSDT
3987120668,63446.34,0.00052,6402588303,6402588303,2026-06-12 03:42:37.091,False,True,63446.34,0.00052,32.9920968,BTCUSDT
3987120669,63446.33,0.00152,6402588304,6402588304,2026-06-12 03:42:37.369,True,True,63446.33,0.00152,96.43842160000001,BTCUSDT
3987120670,63446.33,0.0008,6402588305,6402588305,2026-06-12 03:42:37.609,True,True,63446.33,0.0008,50.75706400000001,BTCUSDT
3987120671,63446.33,0.00075,6402588306,6402588306,2026-06-12 03:42:38.771,True,True,63446.33,0.00075,47.5847475,BTCUSDT
3987120672,63446.34,0.0016,6402588307,6402588307,2026-06-12 03:42:39.671,False,True,63446.34,0.0016,101.514144,BTCUSDT
3987120673,63446.33,0.0136,6402588308,6402588308,2026-06-12 03:42:39.933,True,True,63446.33,0.0136,862.870088,BTCUSDT
3987120674,63446.34,0.001,6402588309,6402588309,2026-06-12 03:42:40.038,False,True,63446.34,0.001,63.44634,BTCUSDT
3987120675,63446.33,0.82334,6402588310,6402588360,2026-06-12 03:42:40.822,True,True,63446.33,0.82334,52237.9013422,BTCUSDT
3987120676,63446.32,0.00097,6402588361,6402588370,2026-06-12 03:42:40.822,True,True,63446.32,0.00097,61.5429304,BTCUSDT
3987120677,63446.31,0.00016,6402588371,6402588371,2026-06-12 03:42:40.822,True,True,63446.31,0.00016,10.151409600000001,BTCUSDT
3987120678,63446.06,0.00027,6402588372,6402588374,2026-06-12 03:42:40.822,True,True,63446.06,0.00027,17.1304362,BTCUSDT
3987120679,63446.05,0.01001,6402588375,6402588377,2026-06-12 03:42:40.822,True,True,63446.05,0.01001,635.0949605000001,BTCUSDT
3987120680,63446.02,0.00027,6402588378,6402588380,2026-06-12 03:42:40.822,True,True,63446.02,0.00027,17.1304254,BTCUSDT
3987120681,63446.01,0.01691,6402588381,6402588387,2026-06-12 03:42:40.822,True,True,63446.01,0.01691,1072.8720291000002,BTCUSDT
3987120682,63446.0,0.02718,6402588388,6402588393,2026-06-12 03:42:40.822,True,True,63446.0,0.02718,1724.46228,BTCUSDT
3987120683,63445.77,0.004,6402588394,6402588394,2026-06-12 03:42:40.822,True,True,63445.77,0.004,253.78307999999998,BTCUSDT
3987120684,63445.54,0.00027,6402588395,6402588397,2026-06-12 03:42:40.822,True,True,63445.54,0.00027,17.1302958,BTCUSDT
3987120685,63445.53,0.01725,6402588398,6402588400,2026-06-12 03:42:40.822,True,True,63445.53,0.01725,1094.4353925,BTCUSDT
3987120686,63445.41,0.00045,6402588401,6402588404,2026-06-12 03:42:40.822,True,True,63445.41,0.00045,28.5504345,BTCUSDT
3987120687,63445.4,0.02018,6402588405,6402588407,2026-06-12 03:42:40.822,True,True,63445.4,0.02018,1280.328172,BTCUSDT
3987120688,63445.33,9e-05,6402588408,6402588408,2026-06-12 03:42:40.822,True,True,63445.33,9e-05,5.7100797000000005,BTCUSDT
3987120689,63445.0,0.0103,6402588409,6402588412,2026-06-12 03:42:40.822,True,True,63445.0,0.0103,653.4835,BTCUSDT
3987120690,63444.69,0.00043,6402588413,6402588414,2026-06-12 03:42:40.822,True,True,63444.69,0.00043,27.2812167,BTCUSDT
3987120691,63444.6,8e-05,6402588415,6402588415,2026-06-12 03:42:40.822,True,True,63444.6,8e-05,5.0755680000000005,BTCUSDT
3987120692,63444.5,0.0088,6402588416,6402588418,2026-06-12 03:42:40.822,True,True,63444.5,0.0088,558.3116,BTCUSDT
3987120693,63444.25,0.00586,6402588419,6402588421,2026-06-12 03:42:40.822,True,True,63444.25,0.00586,371.783305,BTCUSDT
3987120694,63444.23,8e-05,6402588422,6402588422,2026-06-12 03:42:40.822,True,True,63444.23,8e-05,5.075538400000001,BTCUSDT
3987120695,63444.18,0.004,6402588423,6402588423,2026-06-12 03:42:40.822,True,True,63444.18,0.004,253.77672,BTCUSDT
3987120696,63444.0,0.027,6402588424,6402588427,2026-06-12 03:42:40.822,True,True,63444.0,0.027,1712.988,BTCUSDT
3987120697,63443.61,0.00163,6402588428,6402588428,2026-06-12 03:42:40.822,True,True,63443.61,0.00163,103.4130843,BTCUSDT
3987120698,63443.46,0.00062,6402588429,6402588429,2026-06-12 03:42:40.822,True,True,63443.46,0.00062,39.3349452,BTCUSDT
3987120699,63443.42,9e-05,6402588430,6402588430,2026-06-12 03:42:40.822,True,True,63443.42,9e-05,5.7099078,BTCUSDT
3987120700,63443.29,9e-05,6402588431,6402588431,2026-06-12 03:42:40.822,True,True,63443.29,9e-05,5.709896100000001,BTCUSDT
3987120701,63442.63,0.00977,6402588432,6402588432,2026-06-12 03:42:40.822,True,True,63442.63,0.00977,619.8344950999999,BTCUSDT
3987120702,63442.59,0.004,6402588433,6402588433,2026-06-12 03:42:40.822,True,True,63442.59,0.004,253.77035999999998,BTCUSDT
3987120703,63442.25,0.02837,6402588434,6402588434,2026-06-12 03:42:40.822,True,True,63442.25,0.02837,1799.8566325,BTCUSDT
3987120704,63442.22,0.00018,6402588435,6402588435,2026-06-12 03:42:40.822,True,True,63442.22,0.00018,11.419599600000002,BTCUSDT
3987120705,63442.21,0.08957,6402588436,6402588436,2026-06-12 03:42:40.822,True,True,63442.21,0.08957,5682.5187497,BTCUSDT
3987120706,63444.01,0.00218,6402588437,6402588437,2026-06-12 03:42:41.214,False,True,63444.01,0.00218,138.3079418,BTCUSDT
3987120707,63444.0,0.00851,6402588438,6402588438,2026-06-12 03:42:41.459,True,True,63444.0,0.00851,539.90844,BTCUSDT
3987120708,63444.0,0.0008,6402588439,6402588439,2026-06-12 03:42:42.507,True,True,63444.0,0.0008,50.7552,BTCUSDT
3987120709,63444.0,0.00251,6402588440,6402588440,2026-06-12 03:42:43.591,True,True,63444.0,0.00251,159.24444,BTCUSDT
3987120710,63444.01,9e-05,6402588441,6402588441,2026-06-12 03:42:43.962,False,True,63444.01,9e-05,5.7099609000000004,BTCUSDT
3987120711,63444.01,0.01575,6402588442,6402588461,2026-06-12 03:42:44.262,False,True,63444.01,0.01575,999.2431575,BTCUSDT
3987120712,63444.02,0.00088,6402588462,6402588470,2026-06-12 03:42:44.262,False,True,63444.02,0.00088,55.8307376,BTCUSDT
3987120713,63444.03,0.00016,6402588471,6402588471,2026-06-12 03:42:44.262,False,True,63444.03,0.00016,10.151044800000001,BTCUSDT
3987120714,63444.04,0.00027,6402588472,6402588474,2026-06-12 03:42:44.262,False,True,63444.04,0.00027,17.129890800000002,BTCUSDT
3987120715,63444.05,8e-05,6402588475,6402588475,2026-06-12 03:42:44.265,False,True,63444.05,8e-05,5.075524000000001,BTCUSDT
3987120716,63444.1,0.00018,6402588476,6402588477,2026-06-12 03:42:44.265,False,True,63444.1,0.00018,11.419938,BTCUSDT
3987120717,63444.28,0.00495,6402588478,6402588478,2026-06-12 03:42:44.265,False,True,63444.28,0.00495,314.049186,BTCUSDT
3987120718,63444.6,8e-05,6402588479,6402588479,2026-06-12 03:42:44.265,False,True,63444.6,8e-05,5.0755680000000005,BTCUSDT
3987120719,63444.68,9e-05,6402588480,6402588480,2026-06-12 03:42:44.265,False,True,63444.68,9e-05,5.710021200000001,BTCUSDT
3987120720,63446.33,0.001,6402588481,6402588481,2026-06-12 03:42:44.265,False,True,63446.33,0.001,63.44633,BTCUSDT
3987120721,63446.34,0.01502,6402588482,6402588596,2026-06-12 03:42:44.265,False,True,63446.34,0.01502,952.9640267999999,BTCUSDT
3987120722,63446.35,0.00149,6402588597,6402588599,2026-06-12 03:42:44.265,False,True,63446.35,0.00149,94.5350615,BTCUSDT
3987120723,63446.39,0.00096,6402588600,6402588600,2026-06-12 03:42:44.265,False,True,63446.39,0.00096,60.9085344,BTCUSDT
3987120724,63447.3,0.00016,6402588601,6402588602,2026-06-12 03:42:44.265,False,True,63447.3,0.00016,10.151568000000001,BTCUSDT
3987120725,63447.31,0.0008,6402588603,6402588612,2026-06-12 03:42:44.265,False,True,63447.31,0.0008,50.757848,BTCUSDT
3987120726,63447.7,0.00024,6402588613,6402588615,2026-06-12 03:42:44.265,False,True,63447.7,0.00024,15.227447999999999,BTCUSDT
3987120727,63447.88,0.00018,6402588616,6402588617,2026-06-12 03:42:44.265,False,True,63447.88,0.00018,11.4206184,BTCUSDT
3987120728,63447.95,0.00034,6402588618,6402588621,2026-06-12 03:42:44.265,False,True,63447.95,0.00034,21.572303,BTCUSDT
3987120729,63448.39,0.00973,6402588622,6402588624,2026-06-12 03:42:44.265,False,True,63448.39,0.00973,617.3528347,BTCUSDT
3987120730,63449.69,0.00016,6402588625,6402588626,2026-06-12 03:42:44.265,False,True,63449.69,0.00016,10.1519504,BTCUSDT
3987120731,63449.7,0.00027,6402588627,6402588629,2026-06-12 03:42:44.265,False,True,63449.7,0.00027,17.131419,BTCUSDT
3987120732,63449.7,0.02243,6402588630,6402588630,2026-06-12 03:42:44.606,True,True,63449.7,0.02243,1423.176771,BTCUSDT
3987120733,63449.7,0.0256,6402588631,6402588631,2026-06-12 03:42:45.154,True,True,63449.7,0.0256,1624.31232,BTCUSDT
3987120734,63449.71,0.00012,6402588632,6402588632,2026-06-12 03:42:45.484,False,True,63449.71,0.00012,7.6139652,BTCUSDT
3987120735,63449.71,0.0001,6402588633,6402588633,2026-06-12 03:42:46.424,False,True,63449.71,0.0001,6.344971,BTCUSDT
3987120736,63449.71,0.00049,6402588634,6402588634,2026-06-12 03:42:46.847,False,True,63449.71,0.00049,31.090357899999997,BTCUSDT
3987120737,63449.7,9e-05,6402588635,6402588635,2026-06-12 03:42:46.847,True,True,63449.7,9e-05,5.710473,BTCUSDT
3987120738,63449.7,0.0001,6402588636,6402588636,2026-06-12 03:42:47.128,True,True,63449.7,0.0001,6.34497,BTCUSDT
3987120739,63449.7,0.0004,6402588637,6402588637,2026-06-12 03:42:47.705,True,True,63449.7,0.0004,25.37988,BTCUSDT
3987120740,63449.71,0.0001,6402588638,6402588638,2026-06-12 03:42:48.004,False,True,63449.71,0.0001,6.344971,BTCUSDT
3987120741,63449.71,0.00014,6402588639,6402588639,2026-06-12 03:42:48.343,False,True,63449.71,0.00014,8.882959399999999,BTCUSDT
3987120742,63449.71,0.00012,6402588640,6402588640,2026-06-12 03:42:48.619,False,True,63449.71,0.00012,7.6139652,BTCUSDT
3987120743,63449.7,0.00145,6402588641,6402588641,2026-06-12 03:42:49.630,True,True,63449.7,0.00145,92.00206499999999,BTCUSDT
3987120744,63449.7,0.0012,6402588642,6402588642,2026-06-12 03:42:50.304,True,True,63449.7,0.0012,76.13963999999999,BTCUSDT
3987120745,63449.71,0.003,6402588643,6402588643,2026-06-12 03:42:50.442,False,True,63449.71,0.003,190.34913,BTCUSDT
3987120746,63449.71,0.003,6402588644,6402588644,2026-06-12 03:42:50.463,False,True,63449.71,0.003,190.34913,BTCUSDT
3987120747,63449.71,0.002,6402588645,6402588645,2026-06-12 03:42:51.565,False,True,63449.71,0.002,126.89942,BTCUSDT
3987120748,63449.7,0.0138,6402588646,6402588646,2026-06-12 03:42:52.654,True,True,63449.7,0.0138,875.6058599999999,BTCUSDT
3987120749,63449.71,0.02638,6402588647,6402588647,2026-06-12 03:42:52.719,False,True,63449.71,0.02638,1673.8033498,BTCUSDT
3987120750,63449.71,0.0001,6402588648,6402588648,2026-06-12 03:42:53.531,False,True,63449.71,0.0001,6.344971,BTCUSDT
3987120751,63449.71,0.00086,6402588649,6402588649,2026-06-12 03:42:53.533,False,True,63449.71,0.00086,54.5667506,BTCUSDT
3987120752,63449.71,0.0001,6402588650,6402588650,2026-06-12 03:42:54.200,False,True,63449.71,0.0001,6.344971,BTCUSDT
3987120753,63449.71,0.00189,6402588651,6402588651,2026-06-12 03:42:54.210,False,True,63449.71,0.00189,119.9199519,BTCUSDT
3987120754,63449.71,0.00189,6402588652,6402588652,2026-06-12 03:42:54.217,False,True,63449.71,0.00189,119.9199519,BTCUSDT
3987120755,63449.71,0.002,6402588653,6402588653,2026-06-12 03:42:54.466,False,True,63449.71,0.002,126.89942,BTCUSDT
3987120756,63449.7,0.0112,6402588654,6402588654,2026-06-12 03:42:54.632,True,True,63449.7,0.0112,710.6366399999999,BTCUSDT
3987120757,63449.71,0.00024,6402588655,6402588655,2026-06-12 03:42:54.737,False,True,63449.71,0.00024,15.2279304,BTCUSDT
3987120758,63449.7,0.0472,6402588656,6402588656,2026-06-12 03:42:55.229,True,True,63449.7,0.0472,2994.82584,BTCUSDT
3987120759,63449.7,0.03478,6402588657,6402588657,2026-06-12 03:42:55.864,True,True,63449.7,0.03478,2206.780566,BTCUSDT
3987120760,63449.71,0.10043,6402588658,6402588753,2026-06-12 03:42:56.099,False,True,63449.71,0.10043,6372.2543753,BTCUSDT
3987120761,63449.72,0.00043,6402588754,6402588757,2026-06-12 03:42:56.099,False,True,63449.72,0.00043,27.2833796,BTCUSDT
3987120762,63449.73,0.00016,6402588758,6402588758,2026-06-12 03:42:56.099,False,True,63449.73,0.00016,10.1519568,BTCUSDT
3987120763,63450.15,0.00584,6402588759,6402588761,2026-06-12 03:42:56.101,False,True,63450.15,0.00584,370.548876,BTCUSDT
3987120764,63450.4,9e-05,6402588762,6402588762,2026-06-12 03:42:56.101,False,True,63450.4,9e-05,5.710536,BTCUSDT
3987120765,63450.8,8e-05,6402588763,6402588763,2026-06-12 03:42:56.101,False,True,63450.8,8e-05,5.076064000000001,BTCUSDT
3987120766,63451.03,0.0004,6402588764,6402588768,2026-06-12 03:42:56.101,False,True,63451.03,0.0004,25.380412,BTCUSDT
3987120767,63451.36,0.00016,6402588769,6402588770,2026-06-12 03:42:56.101,False,True,63451.36,0.00016,10.1522176,BTCUSDT
3987120768,63451.71,0.00062,6402588771,6402588771,2026-06-12 03:42:56.101,False,True,63451.71,0.00062,39.340060199999996,BTCUSDT
3987120769,63452.01,0.00017,6402588772,6402588772,2026-06-12 03:42:56.101,False,True,63452.01,0.00017,10.786841700000002,BTCUSDT
3987120770,63452.31,9e-05,6402588773,6402588773,2026-06-12 03:42:56.101,False,True,63452.31,9e-05,5.7107079,BTCUSDT
3987120771,63453.78,0.00027,6402588774,6402588776,2026-06-12 03:42:56.101,False,True,63453.78,0.00027,17.1325206,BTCUSDT
3987120772,63453.79,0.01228,6402588777,6402588777,2026-06-12 03:42:56.101,False,True,63453.79,0.01228,779.2125411999999,BTCUSDT
3987120773,63453.78,0.04726,6402588778,6402588778,2026-06-12 03:42:56.107,True,True,63453.78,0.04726,2998.8256428,BTCUSDT
3987120774,63453.78,0.04726,6402588779,6402588779,2026-06-12 03:42:56.113,True,True,63453.78,0.04726,2998.8256428,BTCUSDT
3987120775,63453.79,0.00436,6402588780,6402588789,2026-06-12 03:42:56.115,False,True,63453.79,0.00436,276.65852440000003,BTCUSDT
3987120776,63453.79,0.03608,6402588790,6402588791,2026-06-12 03:42:56.120,True,True,63453.79,0.03608,2289.4127432,BTCUSDT
3987120777,63453.79,0.00068,6402588792,6402588792,2026-06-12 03:42:56.173,True,True,63453.79,0.00068,43.148577200000005,BTCUSDT
3987120778,63453.8,0.0001,6402588793,6402588794,2026-06-12 03:42:56.408,False,True,63453.8,0.0001,6.3453800000000005,BTCUSDT
3987120779,63453.8,0.00945,6402588795,6402588813,2026-06-12 03:42:56.429,False,True,63453.8,0.00945,599.63841,BTCUSDT
3987120780,63453.8,0.003,6402588814,6402588824,2026-06-12 03:42:56.875,False,True,63453.8,0.003,190.3614,BTCUSDT
3987120781,63453.8,9e-05,6402588825,6402588825,2026-06-12 03:42:56.968,False,True,63453.8,9e-05,5.710842,BTCUSDT
3987120782,63453.79,0.00131,6402588826,6402588826,2026-06-12 03:42:57.630,True,True,63453.79,0.00131,83.12446489999999,BTCUSDT
3987120783,63453.79,0.0136,6402588827,6402588827,2026-06-12 03:42:57.837,True,True,63453.79,0.0136,862.971544,BTCUSDT
3987120784,63453.8,0.00473,6402588828,6402588831,2026-06-12 03:42:58.463,False,True,63453.8,0.00473,300.136474,BTCUSDT
3987120785,63453.8,0.00011,6402588832,6402588832,2026-06-12 03:42:59.392,False,True,63453.8,0.00011,6.9799180000000005,BTCUSDT
3987120786,63453.79,0.0136,6402588833,6402588833,2026-06-12 03:43:00.482,True,True,63453.79,0.0136,862.971544,BTCUSDT
3987120787,63453.79,0.00023,6402588834,6402588834,2026-06-12 03:43:00.564,True,True,63453.79,0.00023,14.5943717,BTCUSDT
3987120788,63453.8,0.00161,6402588835,6402588835,2026-06-12 03:43:00.639,False,True,63453.8,0.00161,102.16061800000001,BTCUSDT
3987120789,63453.79,0.01539,6402588836,6402588865,2026-06-12 03:43:01.006,True,True,63453.79,0.01539,976.5538280999999,BTCUSDT
3987120790,63453.8,0.00031,6402588866,6402588866,2026-06-12 03:43:01.289,False,True,63453.8,0.00031,19.670678000000002,BTCUSDT
3987120791,63453.8,0.00015,6402588867,6402588867,2026-06-12 03:43:02.133,False,True,63453.8,0.00015,9.51807,BTCUSDT
3987120792,63453.8,0.00078,6402588868,6402588868,2026-06-12 03:43:02.158,False,True,63453.8,0.00078,49.493964,BTCUSDT
3987120793,63453.8,0.00073,6402588869,6402588869,2026-06-12 03:43:02.353,False,True,63453.8,0.00073,46.321274,BTCUSDT
3987120794,63453.79,0.0375,6402588870,6402588870,2026-06-12 03:43:02.738,True,True,63453.79,0.0375,2379.517125,BTCUSDT
3987120795,63453.79,0.0001,6402588871,6402588871,2026-06-12 03:43:02.818,True,True,63453.79,0.0001,6.345379,BTCUSDT
3987120796,63453.79,0.00056,6402588872,6402588872,2026-06-12 03:43:02.878,True,True,63453.79,0.00056,35.534122399999994,BTCUSDT
3987120797,63453.79,0.0022,6402588873,6402588873,2026-06-12 03:43:03.020,True,True,63453.79,0.0022,139.598338,BTCUSDT
3987120798,63453.8,0.00158,6402588874,6402588874,2026-06-12 03:43:03.092,False,True,63453.8,0.00158,100.25700400000001,BTCUSDT
3987120799,63453.8,0.00081,6402588875,6402588875,2026-06-12 03:43:03.929,False,True,63453.8,0.00081,51.397578,BTCUSDT
3987120800,63453.8,0.00634,6402588876,6402588876,2026-06-12 03:43:04.286,False,True,63453.8,0.00634,402.297092,BTCUSDT
3987120801,63453.79,0.0022,6402588877,6402588877,2026-06-12 03:43:05.437,True,True,63453.79,0.0022,139.598338,BTCUSDT
3987120802,63453.8,0.002,6402588878,6402588878,2026-06-12 03:43:06.106,False,True,63453.8,0.002,126.9076,BTCUSDT
3987120803,63453.8,0.0009,6402588879,6402588879,2026-06-12 03:43:06.511,False,True,63453.8,0.0009,57.10842,BTCUSDT
3987120804,63453.8,7e-05,6402588880,6402588880,2026-06-12 03:43:06.752,False,True,63453.8,7e-05,4.441765999999999,BTCUSDT
3987120805,63453.79,0.00081,6402588881,6402588881,2026-06-12 03:43:06.926,True,True,63453.79,0.00081,51.3975699,BTCUSDT
3987120806,63453.79,0.0001,6402588882,6402588882,2026-06-12 03:43:06.950,True,True,63453.79,0.0001,6.345379,BTCUSDT
3987120807,63453.79,0.00096,6402588883,6402588883,2026-06-12 03:43:07.319,True,True,63453.79,0.00096,60.9156384,BTCUSDT
3987120808,63453.79,0.00069,6402588884,6402588884,2026-06-12 03:43:07.319,True,True,63453.79,0.00069,43.783115099999996,BTCUSDT
3987120809,63453.79,0.00031,6402588885,6402588885,2026-06-12 03:43:07.964,True,True,63453.79,0.00031,19.6706749,BTCUSDT
3987120810,63453.79,0.0018,6402588886,6402588886,2026-06-12 03:43:08.092,True,True,63453.79,0.0018,114.216822,BTCUSDT
3987120811,63453.79,0.01,6402588887,6402588887,2026-06-12 03:43:08.588,True,True,63453.79,0.01,634.5379,BTCUSDT
3987120812,63453.79,0.00022,6402588888,6402588888,2026-06-12 03:43:08.650,True,True,63453.79,0.00022,13.9598338,BTCUSDT
3987120813,63453.8,0.00019,6402588889,6402588889,2026-06-12 03:43:08.894,False,True,63453.8,0.00019,12.056222000000002,BTCUSDT
3987120814,63453.79,0.38661,6402588890,6402588891,2026-06-12 03:43:09.561,True,True,63453.79,0.38661,24531.8697519,BTCUSDT
3987120815,63453.8,0.00011,6402588892,6402588892,2026-06-12 03:43:10.101,False,True,63453.8,0.00011,6.9799180000000005,BTCUSDT
3987120816,63453.79,0.0036,6402588893,6402588916,2026-06-12 03:43:11.559,True,True,63453.79,0.0036,228.433644,BTCUSDT
3987120817,63453.79,0.07884,6402588917,6402588919,2026-06-12 03:43:12.175,True,True,63453.79,0.07884,5002.6968036,BTCUSDT
3987120818,63453.8,0.00011,6402588920,6402588920,2026-06-12 03:43:12.685,False,True,63453.8,0.00011,6.9799180000000005,BTCUSDT
3987120819,63453.79,0.00095,6402588921,6402588924,2026-06-12 03:43:13.478,True,True,63453.79,0.00095,60.2811005,BTCUSDT
3987120820,63453.79,0.00202,6402588925,6402588942,2026-06-12 03:43:14.650,True,True,63453.79,0.00202,128.17665580000002,BTCUSDT
3987120821,63453.79,0.0036,6402588943,6402588943,2026-06-12 03:43:14.662,True,True,63453.79,0.0036,228.433644,BTCUSDT
3987120822,63453.79,0.01383,6402588944,6402588944,2026-06-12 03:43:16.171,True,True,63453.79,0.01383,877.5659157,BTCUSDT
3987120823,63453.79,0.0026,6402588945,6402588945,2026-06-12 03:43:17.003,True,True,63453.79,0.0026,164.979854,BTCUSDT
3987120824,63453.79,0.00024,6402588946,6402588946,2026-06-12 03:43:17.266,True,True,63453.79,0.00024,15.2289096,BTCUSDT
3987120825,63453.79,0.0001,6402588947,6402588948,2026-06-12 03:43:18.146,True,True,63453.79,0.0001,6.345379,BTCUSDT
3987120826,63453.79,0.00946,6402588949,6402588980,2026-06-12 03:43:18.443,True,True,63453.79,0.00946,600.2728534,BTCUSDT
3987120827,63453.79,0.00143,6402588981,6402588986,2026-06-12 03:43:18.585,True,True,63453.79,0.00143,90.73891970000001,BTCUSDT
3987120828,63453.8,0.01418,6402588987,6402588987,2026-06-12 03:43:18.649,False,True,63453.8,0.01418,899.774884,BTCUSDT
3987120829,63453.8,9e-05,6402588988,6402588988,2026-06-12 03:43:18.810,False,True,63453.8,9e-05,5.710842,BTCUSDT
3987120830,63453.79,0.0022,6402588989,6402589006,2026-06-12 03:43:20.332,True,True,63453.79,0.0022,139.598338,BTCUSDT
3987120831,63453.79,0.00016,6402589007,6402589007,2026-06-12 03:43:21.514,True,True,63453.79,0.00016,10.152606400000002,BTCUSDT
3987120832,63453.8,0.00017,6402589008,6402589008,2026-06-12 03:43:22.103,False,True,63453.8,0.00017,10.787146000000002,BTCUSDT
3987120833,63453.79,0.0014,6402589009,6402589009,2026-06-12 03:43:22.929,True,True,63453.79,0.0014,88.835306,BTCUSDT
3987120834,63453.8,9e-05,6402589010,6402589010,2026-06-12 03:43:23.133,False,True,63453.8,9e-05,5.710842,BTCUSDT
3987120835,63453.8,0.08362,6402589011,6402589011,2026-06-12 03:43:23.158,False,True,63453.8,0.08362,5306.006756000001,BTCUSDT
3987120836,63453.79,0.01954,6402589012,6402589014,2026-06-12 03:43:23.588,True,True,63453.79,0.01954,1239.8870565999998,BTCUSDT
3987120837,63453.8,0.00015,6402589015,6402589016,2026-06-12 03:43:24.308,False,True,63453.8,0.00015,9.51807,BTCUSDT
3987120838,63453.8,9e-05,6402589017,6402589017,2026-06-12 03:43:24.401,False,True,63453.8,9e-05,5.710842,BTCUSDT
3987120839,63453.8,0.0001,6402589018,6402589018,2026-06-12 03:43:24.764,False,True,63453.8,0.0001,6.3453800000000005,BTCUSDT
3987120840,63453.8,0.0001,6402589019,6402589019,2026-06-12 03:43:25.534,False,True,63453.8,0.0001,6.3453800000000005,BTCUSDT
3987120841,63453.8,0.10016,6402589020,6402589051,2026-06-12 03:43:25.538,False,True,63453.8,0.10016,6355.532608,BTCUSDT
3987120842,63453.81,0.00104,6402589052,6402589061,2026-06-12 03:43:25.538,False,True,63453.81,0.00104,65.99196239999999,BTCUSDT
3987120843,63453.82,0.00061,6402589062,6402589067,2026-06-12 03:43:25.541,False,True,63453.82,0.00061,38.7068302,BTCUSDT
3987120844,63453.83,0.00018,6402589068,6402589069,2026-06-12 03:43:25.541,False,True,63453.83,0.00018,11.421689400000002,BTCUSDT
3987120845,63454.3,0.00017,6402589070,6402589071,2026-06-12 03:43:25.544,False,True,63454.3,0.00017,10.787231000000002,BTCUSDT
3987120846,63454.3,0.00027,6402589072,6402589074,2026-06-12 03:43:25.545,False,True,63454.3,0.00027,17.132661000000002,BTCUSDT
3987120847,63454.31,0.00027,6402589075,6402589077,2026-06-12 03:43:25.545,False,True,63454.31,0.00027,17.1326637,BTCUSDT
3987120848,63455.43,0.00079,6402589078,6402589085,2026-06-12 03:43:25.549,False,True,63455.43,0.00079,50.1297897,BTCUSDT
3987120849,63455.44,0.00054,6402589086,6402589091,2026-06-12 03:43:25.549,False,True,63455.44,0.00054,34.2659376,BTCUSDT
3987120850,63455.48,9e-05,6402589092,6402589092,2026-06-12 03:43:25.549,False,True,63455.48,9e-05,5.710993200000001,BTCUSDT
3987120851,63455.51,0.00018,6402589093,6402589094,2026-06-12 03:43:25.549,False,True,63455.51,0.00018,11.4219918,BTCUSDT
3987120852,63456.97,0.00027,6402589095,6402589097,2026-06-12 03:43:25.549,False,True,63456.97,0.00027,17.1333819,BTCUSDT
3987120853,63456.98,0.00189,6402589098,6402589098,2026-06-12 03:43:25.593,False,True,63456.98,0.00189,119.93369220000001,BTCUSDT
3987120854,63456.97,0.0196,6402589099,6402589099,2026-06-12 03:43:25.997,True,True,63456.97,0.0196,1243.756612,BTCUSDT
3987120855,63456.98,0.00015,6402589100,6402589101,2026-06-12 03:43:27.608,False,True,63456.98,0.00015,9.518547,BTCUSDT
3987120856,63456.97,0.1,6402589102,6402589103,2026-06-12 03:43:28.364,True,True,63456.97,0.1,6345.697,BTCUSDT
3987120857,63456.97,0.0001,6402589104,6402589105,2026-06-12 03:43:28.825,True,True,63456.97,0.0001,6.345697,BTCUSDT
3987120858,63456.97,0.00013,6402589106,6402589106,2026-06-12 03:43:28.930,True,True,63456.97,0.00013,8.2494061,BTCUSDT
3987120859,63456.97,0.00453,6402589107,6402589117,2026-06-12 03:43:29.645,True,True,63456.97,0.00453,287.46007410000004,BTCUSDT
3987120860,63456.98,8e-05,6402589118,6402589119,2026-06-12 03:43:29.734,False,True,63456.98,8e-05,5.076558400000001,BTCUSDT
3987120861,63456.98,9e-05,6402589120,6402589120,2026-06-12 03:43:30.428,False,True,63456.98,9e-05,5.711128200000001,BTCUSDT
3987120862,63456.98,0.00138,6402589121,6402589124,2026-06-12 03:43:30.781,False,True,63456.98,0.00138,87.5706324,BTCUSDT
3987120863,63456.97,0.0014,6402589125,6402589125,2026-06-12 03:43:30.988,True,True,63456.97,0.0014,88.839758,BTCUSDT
3987120864,63456.97,0.00015,6402589126,6402589126,2026-06-12 03:43:31.261,True,True,63456.97,0.00015,9.5185455,BTCUSDT
3987120865,63456.97,0.00027,6402589127,6402589127,2026-06-12 03:43:31.292,True,True,63456.97,0.00027,17.1333819,BTCUSDT
3987120866,63456.98,0.00012,6402589128,6402589128,2026-06-12 03:43:31.961,False,True,63456.98,0.00012,7.6148376,BTCUSDT
3987120867,63456.97,0.00015,6402589129,6402589129,2026-06-12 03:43:32.183,True,True,63456.97,0.00015,9.5185455,BTCUSDT
3987120868,63456.97,0.0001,6402589130,6402589131,2026-06-12 03:43:33.206,True,True,63456.97,0.0001,6.345697,BTCUSDT
3987120869,63456.97,0.001,6402589132,6402589138,2026-06-12 03:43:33.371,True,True,63456.97,0.001,63.456970000000005,BTCUSDT
3987120870,63456.98,0.00012,6402589139,6402589139,2026-06-12 03:43:33.750,False,True,63456.98,0.00012,7.6148376,BTCUSDT
3987120871,63456.98,0.00066,6402589140,6402589140,2026-06-12 03:43:33.755,False,True,63456.98,0.00066,41.8816068,BTCUSDT
3987120872,63456.97,0.00124,6402589141,6402589141,2026-06-12 03:43:34.467,True,True,63456.97,0.00124,78.6866428,BTCUSDT
3987120873,63456.98,0.00518,6402589142,6402589142,2026-06-12 03:43:35.572,False,True,63456.98,0.00518,328.7071564,BTCUSDT
3987120874,63456.97,0.0504,6402589143,6402589152,2026-06-12 03:43:35.993,True,True,63456.97,0.0504,3198.231288,BTCUSDT
3987120875,63456.97,0.03904,6402589153,6402589153,2026-06-12 03:43:36.082,True,True,63456.97,0.03904,2477.3601088,BTCUSDT
3987120876,63456.98,0.01421,6402589154,6402589154,2026-06-12 03:43:36.172,False,True,63456.98,0.01421,901.7236858000001,BTCUSDT
3987120877,63456.98,9e-05,6402589155,6402589155,2026-06-12 03:43:36.340,False,True,63456.98,9e-05,5.711128200000001,BTCUSDT
3987120878,63456.98,0.0002,6402589156,6402589156,2026-06-12 03:43:36.609,False,True,63456.98,0.0002,12.691396000000001,BTCUSDT
3987120879,63456.97,0.0001,6402589157,6402589157,2026-06-12 03:43:36.975,True,True,63456.97,0.0001,6.345697,BTCUSDT
3987120880,63456.97,0.00028,6402589158,6402589158,2026-06-12 03:43:36.978,True,True,63456.97,0.00028,17.7679516,BTCUSDT
3987120881,63456.97,9e-05,6402589159,6402589160,2026-06-12 03:43:37.645,True,True,63456.97,9e-05,5.7111273,BTCUSDT
3987120882,63456.97,0.0004,6402589161,6402589165,2026-06-12 03:43:37.784,True,True,63456.97,0.0004,25.382788,BTCUSDT
3987120883,63456.97,0.0076,6402589166,6402589176,2026-06-12 03:43:38.585,True,True,63456.97,0.0076,482.272972,BTCUSDT
3987120884,63456.97,0.00303,6402589177,6402589186,2026-06-12 03:43:38.585,True,True,63456.97,0.00303,192.27461910000002,BTCUSDT
3987120885,63456.97,0.00315,6402589187,6402589199,2026-06-12 03:43:39.028,True,True,63456.97,0.00315,199.8894555,BTCUSDT
3987120886,63456.97,0.00157,6402589200,6402589213,2026-06-12 03:43:39.644,True,True,63456.97,0.00157,99.6274429,BTCUSDT
3987120887,63456.96,0.00097,6402589214,6402589223,2026-06-12 03:43:39.644,True,True,63456.96,0.00097,61.553251200000005,BTCUSDT
3987120888,63456.95,0.00016,6402589224,6402589224,2026-06-12 03:43:39.644,True,True,63456.95,0.00016,10.153112,BTCUSDT
3987120889,63454.56,0.00035,6402589225,6402589226,2026-06-12 03:43:39.644,True,True,63454.56,0.00035,22.209096,BTCUSDT
3987120890,63454.3,0.00023,6402589227,6402589227,2026-06-12 03:43:39.644,True,True,63454.3,0.00023,14.594489000000001,BTCUSDT
3987120891,63454.12,0.00157,6402589228,6402589228,2026-06-12 03:43:39.644,True,True,63454.12,0.00157,99.6229684,BTCUSDT
3987120892,63453.9,8e-05,6402589229,6402589229,2026-06-12 03:43:39.644,True,True,63453.9,8e-05,5.076312000000001,BTCUSDT
3987120893,63453.84,0.00027,6402589230,6402589232,2026-06-12 03:43:39.644,True,True,63453.84,0.00027,17.1325368,BTCUSDT
3987120894,63453.83,0.00155,6402589233,6402589233,2026-06-12 03:43:39.644,True,True,63453.83,0.00155,98.3534365,BTCUSDT
3987120895,63453.83,0.042,6402589234,6402589259,2026-06-12 03:43:41.490,True,True,63453.83,0.042,2665.06086,BTCUSDT
3987120896,63453.83,0.00043,6402589260,6402589260,2026-06-12 03:43:42.183,True,True,63453.83,0.00043,27.2851469,BTCUSDT
3987120897,63453.83,0.00016,6402589261,6402589261,2026-06-12 03:43:42.233,True,True,63453.83,0.00016,10.152612800000002,BTCUSDT
3987120898,63453.83,9e-05,6402589262,6402589262,2026-06-12 03:43:42.592,True,True,63453.83,9e-05,5.710844700000001,BTCUSDT
3987120899,63453.84,0.00016,6402589263,6402589263,2026-06-12 03:43:42.639,False,True,63453.84,0.00016,10.152614400000001,BTCUSDT
3987120900,63453.84,9e-05,6402589264,6402589264,2026-06-12 03:43:42.756,False,True,63453.84,9e-05,5.7108456,BTCUSDT
3987120901,63453.83,0.001,6402589265,6402589265,2026-06-12 03:43:43.076,True,True,63453.83,0.001,63.45383,BTCUSDT
3987120902,63453.84,0.00105,6402589266,6402589266,2026-06-12 03:43:43.298,False,True,63453.84,0.00105,66.626532,BTCUSDT
3987120903,63453.83,0.00236,6402589267,6402589267,2026-06-12 03:43:43.774,True,True,63453.83,0.00236,149.7510388,BTCUSDT
3987120904,63453.84,8e-05,6402589268,6402589268,2026-06-12 03:43:44.217,False,True,63453.84,8e-05,5.0763072000000005,BTCUSDT
3987120905,63453.83,0.0008,6402589269,6402589276,2026-06-12 03:43:44.477,True,True,63453.83,0.0008,50.76306400000001,BTCUSDT
3987120906,63453.84,0.00019,6402589277,6402589277,2026-06-12 03:43:45.617,False,True,63453.84,0.00019,12.0562296,BTCUSDT
3987120907,63453.83,0.0008,6402589278,6402589285,2026-06-12 03:43:46.169,True,True,63453.83,0.0008,50.76306400000001,BTCUSDT
3987120908,63453.83,0.0001,6402589286,6402589286,2026-06-12 03:43:48.270,True,True,63453.83,0.0001,6.345383000000001,BTCUSDT
3987120909,63453.83,0.0001,6402589287,6402589287,2026-06-12 03:43:48.342,True,True,63453.83,0.0001,6.345383000000001,BTCUSDT
3987120910,63453.84,0.0008,6402589288,6402589288,2026-06-12 03:43:48.457,False,True,63453.84,0.0008,50.763072,BTCUSDT
3987120911,63453.83,0.0502,6402589289,6402589293,2026-06-12 03:43:48.496,True,True,63453.83,0.0502,3185.382266,BTCUSDT
3987120912,63453.83,0.25558,6402589294,6402589302,2026-06-12 03:43:48.580,True,True,63453.83,0.25558,16217.529871399998,BTCUSDT
3987120913,63453.83,0.00712,6402589303,6402589303,2026-06-12 03:43:48.970,True,True,63453.83,0.00712,451.79126959999996,BTCUSDT
3987120914,63453.84,9e-05,6402589304,6402589304,2026-06-12 03:43:49.316,False,True,63453.84,9e-05,5.7108456,BTCUSDT
3987120915,63453.83,0.00122,6402589305,6402589305,2026-06-12 03:43:49.459,True,True,63453.83,0.00122,77.4136726,BTCUSDT
3987120916,63453.84,0.01575,6402589306,6402589306,2026-06-12 03:43:51.260,False,True,63453.84,0.01575,999.39798,BTCUSDT
3987120917,63453.83,0.0502,6402589307,6402589307,2026-06-12 03:43:51.324,True,True,63453.83,0.0502,3185.382266,BTCUSDT
3987120918,63453.84,0.00012,6402589308,6402589308,2026-06-12 03:43:51.722,False,True,63453.84,0.00012,7.6144608,BTCUSDT
3987120919,63453.84,0.00024,6402589309,6402589309,2026-06-12 03:43:52.112,False,True,63453.84,0.00024,15.2289216,BTCUSDT
3987120920,63453.84,0.0001,6402589310,6402589310,2026-06-12 03:43:52.349,False,True,63453.84,0.0001,6.345384,BTCUSDT
3987120921,63453.83,0.00073,6402589311,6402589311,2026-06-12 03:43:53.282,True,True,63453.83,0.00073,46.321295899999996,BTCUSDT
3987120922,63453.83,0.0502,6402589312,6402589312,2026-06-12 03:43:53.919,True,True,63453.83,0.0502,3185.382266,BTCUSDT
3987120923,63453.83,0.00304,6402589313,6402589313,2026-06-12 03:43:53.968,True,True,63453.83,0.00304,192.8996432,BTCUSDT
3987120924,63453.84,0.03167,6402589314,6402589314,2026-06-12 03:43:53.993,False,True,63453.84,0.03167,2009.5831127999998,BTCUSDT
3987120925,63453.83,0.00397,6402589315,6402589315,2026-06-12 03:43:54.645,True,True,63453.83,0.00397,251.91170509999998,BTCUSDT
3987120926,63453.83,0.0001,6402589316,6402589316,2026-06-12 03:43:55.720,True,True,63453.83,0.0001,6.345383000000001,BTCUSDT
3987120927,63453.83,0.0008,6402589317,6402589317,2026-06-12 03:43:55.726,True,True,63453.83,0.0008,50.76306400000001,BTCUSDT
3987120928,63453.84,0.00013,6402589318,6402589318,2026-06-12 03:43:56.036,False,True,63453.84,0.00013,8.248999199999998,BTCUSDT
3987120929,63453.83,0.002,6402589319,6402589320,2026-06-12 03:43:56.297,True,True,63453.83,0.002,126.90766,BTCUSDT
3987120930,63453.84,0.02363,6402589321,6402589321,2026-06-12 03:43:56.704,False,True,63453.84,0.02363,1499.4142392,BTCUSDT
3987120931,63453.84,0.00016,6402589322,6402589322,2026-06-12 03:43:57.093,False,True,63453.84,0.00016,10.152614400000001,BTCUSDT
3987120932,63453.83,0.00011,6402589323,6402589323,2026-06-12 03:43:57.404,True,True,63453.83,0.00011,6.979921300000001,BTCUSDT
3987120933,63453.83,0.0024,6402589324,6402589325,2026-06-12 03:43:58.897,True,True,63453.83,0.0024,152.28919199999999,BTCUSDT
3987120934,63453.84,9e-05,6402589326,6402589326,2026-06-12 03:44:00.414,False,True,63453.84,9e-05,5.7108456,BTCUSDT
3987120935,63453.84,0.0001,6402589327,6402589328,2026-06-12 03:44:00.563,False,True,63453.84,0.0001,6.345384,BTCUSDT
3987120936,63453.84,0.00189,6402589329,6402589335,2026-06-12 03:44:00.615,False,True,63453.84,0.00189,119.92775759999999,BTCUSDT
3987120937,63453.84,0.00869,6402589336,6402589358,2026-06-12 03:44:01.276,False,True,63453.84,0.00869,551.4138696,BTCUSDT
3987120938,63453.85,0.00061,6402589359,6402589364,2026-06-12 03:44:01.276,False,True,63453.85,0.00061,38.7068485,BTCUSDT
3987120939,63453.86,0.00016,6402589365,6402589365,2026-06-12 03:44:01.276,False,True,63453.86,0.00016,10.152617600000001,BTCUSDT
3987120940,63454.21,9e-05,6402589366,6402589366,2026-06-12 03:44:01.276,False,True,63454.21,9e-05,5.7108789,BTCUSDT
3987120941,63454.56,0.00016,6402589367,6402589368,2026-06-12 03:44:01.276,False,True,63454.56,0.00016,10.1527296,BTCUSDT
3987120942,63454.72,0.0008,6402589369,6402589369,2026-06-12 03:44:01.276,False,True,63454.72,0.0008,50.763776,BTCUSDT
3987120943,63454.85,9e-05,6402589370,6402589370,2026-06-12 03:44:01.276,False,True,63454.85,9e-05,5.7109365,BTCUSDT
3987120944,63456.97,0.00059,6402589371,6402589371,2026-06-12 03:44:01.276,False,True,63456.97,0.00059,37.4396123,BTCUSDT
3987120945,63456.98,0.00137,6402589372,6402589388,2026-06-12 03:44:01.276,False,True,63456.98,0.00137,86.9360626,BTCUSDT
3987120946,63457.0,8e-05,6402589389,6402589389,2026-06-12 03:44:01.276,False,True,63457.0,8e-05,5.076560000000001,BTCUSDT
3987120947,63457.75,0.00045,6402589390,6402589393,2026-06-12 03:44:01.276,False,True,63457.75,0.00045,28.5559875,BTCUSDT
3987120948,63457.75,0.00108,6402589394,6402589394,2026-06-12 03:44:01.290,True,True,63457.75,0.00108,68.53437,BTCUSDT
3987120949,63457.75,0.0502,6402589395,6402589395,2026-06-12 03:44:01.482,True,True,63457.75,0.0502,3185.5790500000003,BTCUSDT
3987120950,63457.76,9e-05,6402589396,6402589396,2026-06-12 03:44:02.290,False,True,63457.76,9e-05,5.711198400000001,BTCUSDT
3987120951,63457.75,0.0001,6402589397,6402589397,2026-06-12 03:44:03.373,True,True,63457.75,0.0001,6.345775000000001,BTCUSDT
3987120952,63457.76,9e-05,6402589398,6402589399,2026-06-12 03:44:03.418,False,True,63457.76,9e-05,5.711198400000001,BTCUSDT
3987120953,63457.75,0.00212,6402589400,6402589400,2026-06-12 03:44:03.570,True,True,63457.75,0.00212,134.53043,BTCUSDT
3987120954,63457.75,0.01985,6402589401,6402589401,2026-06-12 03:44:03.594,True,True,63457.75,0.01985,1259.6363375,BTCUSDT
3987120955,63457.75,0.0012,6402589402,6402589402,2026-06-12 03:44:03.867,True,True,63457.75,0.0012,76.1493,BTCUSDT
3987120956,63457.75,0.00018,6402589403,6402589403,2026-06-12 03:44:03.898,True,True,63457.75,0.00018,11.422395,BTCUSDT
3987120957,63457.75,0.15969,6402589404,6402589405,2026-06-12 03:44:04.051,True,True,63457.75,0.15969,10133.5680975,BTCUSDT
3987120958,63457.75,0.15,6402589406,6402589406,2026-06-12 03:44:04.751,True,True,63457.75,0.15,9518.6625,BTCUSDT
3987120959,63457.76,0.00073,6402589407,6402589414,2026-06-12 03:44:04.876,False,True,63457.76,0.00073,46.3241648,BTCUSDT
3987120960,63457.75,0.00193,6402589415,6402589415,2026-06-12 03:44:05.131,True,True,63457.75,0.00193,122.47345750000001,BTCUSDT
3987120961,63457.76,0.0002,6402589416,6402589417,2026-06-12 03:44:05.361,False,True,63457.76,0.0002,12.691552000000001,BTCUSDT
3987120962,63457.76,0.00012,6402589418,6402589419,2026-06-12 03:44:07.173,False,True,63457.76,0.00012,7.6149312,BTCUSDT
3987120963,63457.75,0.001,6402589420,6402589420,2026-06-12 03:44:07.407,True,True,63457.75,0.001,63.457750000000004,BTCUSDT
3987120964,63457.76,0.00186,6402589421,6402589429,2026-06-12 03:44:07.518,False,True,63457.76,0.00186,118.03143360000001,BTCUSDT
3987120965,63457.75,0.00111,6402589430,6402589430,2026-06-12 03:44:07.648,True,True,63457.75,0.00111,70.4381025,BTCUSDT
3987120966,63457.76,0.00063,6402589431,6402589433,2026-06-12 03:44:08.788,False,True,63457.76,0.00063,39.978388800000005,BTCUSDT
3987120967,63457.76,0.0016,6402589434,6402589434,2026-06-12 03:44:09.973,False,True,63457.76,0.0016,101.53241600000001,BTCUSDT
3987120968,63457.75,0.002,6402589435,6402589435,2026-06-12 03:44:10.000,True,True,63457.75,0.002,126.91550000000001,BTCUSDT
3987120969,63457.75,0.00024,6402589436,6402589436,2026-06-12 03:44:11.515,True,True,63457.75,0.00024,15.22986,BTCUSDT
3987120970,63457.75,0.00066,6402589437,6402589437,2026-06-12 03:44:11.572,True,True,63457.75,0.00066,41.882115,BTCUSDT
3987120971,63457.76,0.00048,6402589438,6402589438,2026-06-12 03:44:11.625,False,True,63457.76,0.00048,30.4597248,BTCUSDT
3987120972,63457.76,9e-05,6402589439,6402589439,2026-06-12 03:44:12.206,False,True,63457.76,9e-05,5.711198400000001,BTCUSDT
3987120973,63457.75,0.0064,6402589440,6402589440,2026-06-12 03:44:12.547,True,True,63457.75,0.0064,406.12960000000004,BTCUSDT
3987120974,63457.76,0.00015,6402589441,6402589441,2026-06-12 03:44:12.662,False,True,63457.76,0.00015,9.518664,BTCUSDT
3987120975,63457.76,0.00011,6402589442,6402589442,2026-06-12 03:44:14.585,False,True,63457.76,0.00011,6.980353600000001,BTCUSDT
3987120976,63457.75,0.0446,6402589443,6402589443,2026-06-12 03:44:15.146,True,True,63457.75,0.0446,2830.21565,BTCUSDT
3987120977,63457.76,9e-05,6402589444,6402589444,2026-06-12 03:44:15.233,False,True,63457.76,9e-05,5.711198400000001,BTCUSDT
3987120978,63457.76,8e-05,6402589445,6402589445,2026-06-12 03:44:15.278,False,True,63457.76,8e-05,5.076620800000001,BTCUSDT
3987120979,63457.75,0.01355,6402589446,6402589446,2026-06-12 03:44:15.471,True,True,63457.75,0.01355,859.8525125,BTCUSDT
3987120980,63457.75,0.02363,6402589447,6402589447,2026-06-12 03:44:15.992,True,True,63457.75,0.02363,1499.5066325,BTCUSDT
3987120981,63457.75,0.00221,6402589448,6402589448,2026-06-12 03:44:16.450,True,True,63457.75,0.00221,140.24162750000002,BTCUSDT
3987120982,63457.76,0.00157,6402589449,6402589449,2026-06-12 03:44:16.583,False,True,63457.76,0.00157,99.6286832,BTCUSDT
3987120983,63457.75,0.04,6402589450,6402589450,2026-06-12 03:44:17.438,True,True,63457.75,0.04,2538.31,BTCUSDT
3987120984,63457.75,0.0136,6402589451,6402589452,2026-06-12 03:44:17.511,True,True,63457.75,0.0136,863.0254,BTCUSDT
3987120985,63457.76,0.00217,6402589453,6402589453,2026-06-12 03:44:17.659,False,True,63457.76,0.00217,137.70333920000002,BTCUSDT
3987120986,63457.76,0.00051,6402589454,6402589454,2026-06-12 03:44:17.897,False,True,63457.76,0.00051,32.363457600000004,BTCUSDT
3987120987,63457.76,0.00012,6402589455,6402589455,2026-06-12 03:44:18.772,False,True,63457.76,0.00012,7.6149312,BTCUSDT
3987120988,63457.76,0.0015,6402589456,6402589456,2026-06-12 03:44:18.869,False,True,63457.76,0.0015,95.18664000000001,BTCUSDT
3987120989,63457.76,0.00473,6402589457,6402589457,2026-06-12 03:44:18.883,False,True,63457.76,0.00473,300.1552048,BTCUSDT
3987120990,63457.75,0.0001,6402589458,6402589458,2026-06-12 03:44:18.967,True,True,63457.75,0.0001,6.345775000000001,BTCUSDT
3987120991,63457.76,0.0002,6402589459,6402589459,2026-06-12 03:44:19.033,False,True,63457.76,0.0002,12.691552000000001,BTCUSDT
3987120992,63457.76,0.00016,6402589460,6402589460,2026-06-12 03:44:19.350,False,True,63457.76,0.00016,10.153241600000001,BTCUSDT
3987120993,63457.76,0.00016,6402589461,6402589461,2026-06-12 03:44:19.433,False,True,63457.76,0.00016,10.153241600000001,BTCUSDT
3987120994,63457.75,0.02482,6402589462,6402589462,2026-06-12 03:44:19.678,True,True,63457.75,0.02482,1575.0213549999999,BTCUSDT
3987120995,63457.76,0.0002,6402589463,6402589463,2026-06-12 03:44:19.937,False,True,63457.76,0.0002,12.691552000000001,BTCUSDT
3987120996,63457.76,0.0004,6402589464,6402589464,2026-06-12 03:44:20.085,False,True,63457.76,0.0004,25.383104000000003,BTCUSDT
3987120997,63457.76,9e-05,6402589465,6402589465,2026-06-12 03:44:20.100,False,True,63457.76,9e-05,5.711198400000001,BTCUSDT
3987120998,63457.75,0.0022,6402589466,6402589466,2026-06-12 03:44:20.134,True,True,63457.75,0.0022,139.60705000000002,BTCUSDT
3987120999,63457.76,0.00012,6402589467,6402589467,2026-06-12 03:44:20.419,False,True,63457.76,0.00012,7.6149312,BTCUSDT
3987121000,63457.76,0.00016,6402589468,6402589468,2026-06-12 03:44:20.483,False,True,63457.76,0.00016,10.153241600000001,BTCUSDT
3987121001,63457.76,0.00011,6402589469,6402589469,2026-06-12 03:44:20.687,False,True,63457.76,0.00011,6.980353600000001,BTCUSDT
3987121002,63457.76,0.00016,6402589470,6402589470,2026-06-12 03:44:20.870,False,True,63457.76,0.00016,10.153241600000001,BTCUSDT
3987121003,63457.76,0.00016,6402589471,6402589471,2026-06-12 03:44:21.383,False,True,63457.76,0.00016,10.153241600000001,BTCUSDT
3987121004,63457.76,0.00016,6402589472,6402589472,2026-06-12 03:44:21.469,False,True,63457.76,0.00016,10.153241600000001,BTCUSDT
3987121005,63457.76,0.0002,6402589473,6402589473,2026-06-12 03:44:21.583,False,True,63457.76,0.0002,12.691552000000001,BTCUSDT
3987121006,63457.76,0.00016,6402589474,6402589474,2026-06-12 03:44:21.584,False,True,63457.76,0.00016,10.153241600000001,BTCUSDT
3987121007,63457.75,0.00947,6402589475,6402589475,2026-06-12 03:44:22.026,True,True,63457.75,0.00947,600.9448924999999,BTCUSDT
3987121008,63457.76,0.00032,6402589476,6402589476,2026-06-12 03:44:22.171,False,True,63457.76,0.00032,20.306483200000002,BTCUSDT
3987121009,63457.76,0.00014,6402589477,6402589478,2026-06-12 03:44:22.278,False,True,63457.76,0.00014,8.8840864,BTCUSDT
3987121010,63457.76,0.0001,6402589479,6402589480,2026-06-12 03:44:22.331,False,True,63457.76,0.0001,6.345776000000001,BTCUSDT
3987121011,63457.76,0.00019,6402589481,6402589483,2026-06-12 03:44:22.683,False,True,63457.76,0.00019,12.056974400000001,BTCUSDT
3987121012,63457.75,0.0012,6402589484,6402589484,2026-06-12 03:44:22.720,True,True,63457.75,0.0012,76.1493,BTCUSDT
3987121013,63457.76,0.00016,6402589485,6402589487,2026-06-12 03:44:22.784,False,True,63457.76,0.00016,10.153241600000001,BTCUSDT
3987121014,63457.76,0.00276,6402589488,6402589506,2026-06-12 03:44:23.002,False,True,63457.76,0.00276,175.1434176,BTCUSDT
3987121015,63457.77,0.00061,6402589507,6402589512,2026-06-12 03:44:23.002,False,True,63457.77,0.00061,38.7092397,BTCUSDT
3987121016,63457.78,0.00016,6402589513,6402589513,2026-06-12 03:44:23.002,False,True,63457.78,0.00016,10.153244800000001,BTCUSDT
3987121017,63457.97,9e-05,6402589514,6402589514,2026-06-12 03:44:23.002,False,True,63457.97,9e-05,5.7112173,BTCUSDT
3987121018,63458.02,9e-05,6402589515,6402589515,2026-06-12 03:44:23.002,False,True,63458.02,9e-05,5.7112218,BTCUSDT
3987121019,63459.65,0.00018,6402589516,6402589516,2026-06-12 03:44:23.002,False,True,63459.65,0.00018,11.422737000000001,BTCUSDT
3987121020,63459.9,9e-05,6402589517,6402589517,2026-06-12 03:44:23.002,False,True,63459.9,9e-05,5.711391000000001,BTCUSDT
3987121021,63459.93,9e-05,6402589518,6402589518,2026-06-12 03:44:23.002,False,True,63459.93,9e-05,5.7113937,BTCUSDT
3987121022,63459.99,2e-05,6402589519,6402589519,2026-06-12 03:44:23.002,False,True,63459.99,2e-05,1.2691998,BTCUSDT
3987121023,63459.99,0.00891,6402589520,6402589537,2026-06-12 03:44:23.040,False,True,63459.99,0.00891,565.4285109,BTCUSDT
3987121024,63460.0,0.01013,6402589538,6402589548,2026-06-12 03:44:23.040,False,True,63460.0,0.01013,642.8498,BTCUSDT
3987121025,63460.01,0.00016,6402589549,6402589549,2026-06-12 03:44:23.040,False,True,63460.01,0.00016,10.153601600000002,BTCUSDT
3987121026,63460.1,8e-05,6402589550,6402589550,2026-06-12 03:44:23.040,False,True,63460.1,8e-05,5.076808000000001,BTCUSDT
3987121027,63461.64,9e-05,6402589551,6402589551,2026-06-12 03:44:23.040,False,True,63461.64,9e-05,5.7115476,BTCUSDT
3987121028,63461.67,0.00018,6402589552,6402589552,2026-06-12 03:44:23.040,False,True,63461.67,0.00018,11.4231006,BTCUSDT
3987121029,63461.68,0.00034,6402589553,6402589556,2026-06-12 03:44:23.040,False,True,63461.68,0.00034,21.576971200000003,BTCUSDT
3987121030,63462.0,0.00818,6402589557,6402589559,2026-06-12 03:44:23.040,False,True,63462.0,0.00818,519.11916,BTCUSDT
3987121031,63462.16,0.00018,6402589560,6402589561,2026-06-12 03:44:23.040,False,True,63462.16,0.00018,11.423188800000002,BTCUSDT
3987121032,63462.95,0.00016,6402589562,6402589563,2026-06-12 03:44:23.040,False,True,63462.95,0.00016,10.154072000000001,BTCUSDT
3987121033,63463.2,8e-05,6402589564,6402589564,2026-06-12 03:44:23.040,False,True,63463.2,8e-05,5.077056,BTCUSDT
3987121034,63463.33,0.00018,6402589565,6402589565,2026-06-12 03:44:23.040,False,True,63463.33,0.00018,11.423399400000001,BTCUSDT
3987121035,63463.99,0.00045,6402589566,6402589569,2026-06-12 03:44:23.040,False,True,63463.99,0.00045,28.5587955,BTCUSDT
3987121036,63464.0,0.01445,6402589570,6402589576,2026-06-12 03:44:23.040,False,True,63464.0,0.01445,917.0548,BTCUSDT
3987121037,63464.0,0.00302,6402589577,6402589577,2026-06-12 03:44:23.585,True,True,63464.0,0.00302,191.66128,BTCUSDT
3987121038,63464.01,0.0086,6402589578,6402589606,2026-06-12 03:44:23.790,False,True,63464.01,0.0086,545.790486,BTCUSDT
3987121039,63464.02,0.00063,6402589607,6402589613,2026-06-12 03:44:23.790,False,True,63464.02,0.00063,39.9823326,BTCUSDT
3987121040,63465.31,9e-05,6402589614,6402589614,2026-06-12 03:44:23.790,False,True,63465.31,9e-05,5.7118779,BTCUSDT
3987121041,63465.66,0.00027,6402589615,6402589617,2026-06-12 03:44:23.790,False,True,63465.66,0.00027,17.135728200000003,BTCUSDT
3987121042,63465.66,0.02497,6402589618,6402589618,2026-06-12 03:44:23.795,True,True,63465.66,0.02497,1584.7375302,BTCUSDT
3987121043,63465.67,0.0001,6402589619,6402589619,2026-06-12 03:44:24.232,False,True,63465.67,0.0001,6.346567,BTCUSDT
3987121044,63465.67,0.00787,6402589620,6402589646,2026-06-12 03:44:24.590,False,True,63465.67,0.00787,499.4748229,BTCUSDT
3987121045,63465.68,0.00088,6402589647,6402589655,2026-06-12 03:44:24.590,False,True,63465.68,0.00088,55.849798400000005,BTCUSDT
3987121046,63465.69,0.00016,6402589656,6402589656,2026-06-12 03:44:24.590,False,True,63465.69,0.00016,10.154510400000001,BTCUSDT
3987121047,63465.99,0.00612,6402589657,6402589662,2026-06-12 03:44:24.590,False,True,63465.99,0.00612,388.41185879999995,BTCUSDT
3987121048,63466.0,0.01418,6402589663,6402589666,2026-06-12 03:44:24.590,False,True,63466.0,0.01418,899.9478799999999,BTCUSDT
3987121049,63466.2,9e-05,6402589667,6402589667,2026-06-12 03:44:24.590,False,True,63466.2,9e-05,5.711958,BTCUSDT
3987121050,63466.29,0.00045,6402589668,6402589671,2026-06-12 03:44:24.590,False,True,63466.29,0.00045,28.5598305,BTCUSDT
3987121051,63466.29,0.009,6402589672,6402589672,2026-06-12 03:44:25.093,True,True,63466.29,0.009,571.19661,BTCUSDT
3987121052,63466.3,0.00034,6402589673,6402589673,2026-06-12 03:44:25.593,False,True,63466.3,0.00034,21.578542000000002,BTCUSDT
3987121053,63466.3,0.00019,6402589674,6402589674,2026-06-12 03:44:27.945,False,True,63466.3,0.00019,12.058597,BTCUSDT
3987121054,63466.3,9e-05,6402589675,6402589675,2026-06-12 03:44:28.200,False,True,63466.3,9e-05,5.7119670000000005,BTCUSDT
3987121055,63466.29,0.1,6402589676,6402589676,2026-06-12 03:44:28.607,True,True,63466.29,0.1,6346.629000000001,BTCUSDT
3987121056,63466.29,0.00469,6402589677,6402589677,2026-06-12 03:44:28.679,True,True,63466.29,0.00469,297.6569001,BTCUSDT
3987121057,63466.29,0.00408,6402589678,6402589678,2026-06-12 03:44:28.688,True,True,63466.29,0.00408,258.9424632,BTCUSDT
3987121058,63466.3,0.00157,6402589679,6402589679,2026-06-12 03:44:29.214,False,True,63466.3,0.00157,99.64209100000001,BTCUSDT
3987121059,63466.29,0.06446,6402589680,6402589680,2026-06-12 03:44:29.611,True,True,63466.29,0.06446,4091.0370534000003,BTCUSDT
3987121060,63466.29,0.0014,6402589681,6402589681,2026-06-12 03:44:30.018,True,True,63466.29,0.0014,88.852806,BTCUSDT
3987121061,63466.3,0.00026,6402589682,6402589682,2026-06-12 03:44:30.485,False,True,63466.3,0.00026,16.501238,BTCUSDT
3987121062,63466.29,0.00075,6402589683,6402589683,2026-06-12 03:44:31.015,True,True,63466.29,0.00075,47.599717500000004,BTCUSDT
3987121063,63466.3,9e-05,6402589684,6402589684,2026-06-12 03:44:31.116,False,True,63466.3,9e-05,5.7119670000000005,BTCUSDT
3987121064,63466.3,0.00047,6402589685,6402589685,2026-06-12 03:44:31.751,False,True,63466.3,0.00047,29.829161,BTCUSDT
3987121065,63466.3,0.00012,6402589686,6402589686,2026-06-12 03:44:31.918,False,True,63466.3,0.00012,7.615956000000001,BTCUSDT
3987121066,63466.3,8e-05,6402589687,6402589687,2026-06-12 03:44:32.055,False,True,63466.3,8e-05,5.077304000000001,BTCUSDT
3987121067,63466.29,0.0008,6402589688,6402589688,2026-06-12 03:44:32.611,True,True,63466.29,0.0008,50.773032,BTCUSDT
3987121068,63466.3,0.00823,6402589689,6402589689,2026-06-12 03:44:33.346,False,True,63466.3,0.00823,522.327649,BTCUSDT
3987121069,63466.29,0.00203,6402589690,6402589690,2026-06-12 03:44:33.435,True,True,63466.29,0.00203,128.83656870000002,BTCUSDT
3987121070,63466.3,0.00425,6402589691,6402589691,2026-06-12 03:44:33.842,False,True,63466.3,0.00425,269.731775,BTCUSDT
3987121071,63466.29,0.0001,6402589692,6402589692,2026-06-12 03:44:34.718,True,True,63466.29,0.0001,6.346629,BTCUSDT
3987121072,63466.29,0.04727,6402589693,6402589693,2026-06-12 03:44:35.174,True,True,63466.29,0.04727,3000.0515283,BTCUSDT
3987121073,63466.29,0.04727,6402589694,6402589695,2026-06-12 03:44:35.182,True,True,63466.29,0.04727,3000.0515283,BTCUSDT
3987121074,63466.29,0.00086,6402589696,6402589696,2026-06-12 03:44:35.189,True,True,63466.29,0.00086,54.5810094,BTCUSDT
3987121075,63466.29,0.015,6402589697,6402589697,2026-06-12 03:44:35.214,True,True,63466.29,0.015,951.9943499999999,BTCUSDT
3987121076,63466.3,0.00011,6402589698,6402589698,2026-06-12 03:44:35.986,False,True,63466.3,0.00011,6.981293000000001,BTCUSDT
3987121077,63466.29,0.00257,6402589699,6402589699,2026-06-12 03:44:36.019,True,True,63466.29,0.00257,163.1083653,BTCUSDT
3987121078,63466.3,0.15182,6402589700,6402589730,2026-06-12 03:44:36.692,False,True,63466.3,0.15182,9635.453666000001,BTCUSDT
3987121079,63466.31,0.00088,6402589731,6402589739,2026-06-12 03:44:36.692,False,True,63466.31,0.00088,55.8503528,BTCUSDT
3987121080,63466.32,0.00016,6402589740,6402589740,2026-06-12 03:44:36.692,False,True,63466.32,0.00016,10.154611200000002,BTCUSDT
3987121081,63466.81,0.00315,6402589741,6402589741,2026-06-12 03:44:36.692,False,True,63466.81,0.00315,199.92045149999998,BTCUSDT
3987121082,63467.5,0.00125,6402589742,6402589742,2026-06-12 03:44:36.692,False,True,63467.5,0.00125,79.33437500000001,BTCUSDT
3987121083,63467.55,9e-05,6402589743,6402589743,2026-06-12 03:44:36.692,False,True,63467.55,9e-05,5.712079500000001,BTCUSDT
3987121084,63467.99,0.0001,6402589744,6402589745,2026-06-12 03:44:36.692,False,True,63467.99,0.0001,6.346799,BTCUSDT
3987121085,63467.99,0.0001,6402589746,6402589747,2026-06-12 03:44:36.692,False,True,63467.99,0.0001,6.346799,BTCUSDT
3987121086,63467.99,0.0001,6402589748,6402589748,2026-06-12 03:44:36.692,False,True,63467.99,0.0001,6.346799,BTCUSDT
3987121087,63467.99,0.00015,6402589749,6402589750,2026-06-12 03:44:36.692,False,True,63467.99,0.00015,9.5201985,BTCUSDT
3987121088,63468.0,0.01918,6402589751,6402589755,2026-06-12 03:44:36.692,False,True,63468.0,0.01918,1217.3162399999999,BTCUSDT
3987121089,63468.14,0.00588,6402589756,6402589758,2026-06-12 03:44:36.692,False,True,63468.14,0.00588,373.19266319999997,BTCUSDT
3987121090,63468.19,9e-05,6402589759,6402589759,2026-06-12 03:44:36.692,False,True,63468.19,9e-05,5.7121371000000005,BTCUSDT
3987121091,63468.68,0.00045,6402589760,6402589763,2026-06-12 03:44:36.692,False,True,63468.68,0.00045,28.560906,BTCUSDT
3987121092,63468.69,0.00018,6402589764,6402589765,2026-06-12 03:44:36.692,False,True,63468.69,0.00018,11.424364200000001,BTCUSDT
3987121093,63468.98,9e-05,6402589766,6402589766,2026-06-12 03:44:36.692,False,True,63468.98,9e-05,5.712208200000001,BTCUSDT
3987121094,63469.4,8e-05,6402589767,6402589767,2026-06-12 03:44:36.692,False,True,63469.4,8e-05,5.077552000000001,BTCUSDT
3987121095,63469.44,0.00907,6402589768,6402589770,2026-06-12 03:44:36.692,False,True,63469.44,0.00907,575.6678208000001,BTCUSDT
3987121096,63469.66,9e-05,6402589771,6402589771,2026-06-12 03:44:36.692,False,True,63469.66,9e-05,5.7122694,BTCUSDT
3987121097,63469.68,0.003,6402589772,6402589772,2026-06-12 03:44:36.692,False,True,63469.68,0.003,190.40904,BTCUSDT
3987121098,63469.92,8e-05,6402589773,6402589773,2026-06-12 03:44:36.692,False,True,63469.92,8e-05,5.0775936,BTCUSDT
3987121099,63469.99,0.00027,6402589774,6402589776,2026-06-12 03:44:36.692,False,True,63469.99,0.00027,17.1368973,BTCUSDT
3987121100,63470.0,0.01918,6402589777,6402589781,2026-06-12 03:44:36.692,False,True,63470.0,0.01918,1217.3546,BTCUSDT
3987121101,63470.05,0.00027,6402589782,6402589784,2026-06-12 03:44:36.692,False,True,63470.05,0.00027,17.136913500000002,BTCUSDT
3987121102,63470.06,0.02336,6402589785,6402589787,2026-06-12 03:44:36.692,False,True,63470.06,0.02336,1482.6606015999998,BTCUSDT
3987121103,63470.49,0.00026,6402589788,6402589789,2026-06-12 03:44:36.692,False,True,63470.49,0.00026,16.5023274,BTCUSDT
3987121104,63470.5,0.00027,6402589790,6402589792,2026-06-12 03:44:36.692,False,True,63470.5,0.00027,17.137035,BTCUSDT
3987121105,63470.51,0.06481,6402589793,6402589794,2026-06-12 03:44:36.692,False,True,63470.51,0.06481,4113.5237531,BTCUSDT
3987121106,63470.88,0.01262,6402589795,6402589796,2026-06-12 03:44:36.692,False,True,63470.88,0.01262,801.0025056,BTCUSDT
3987121107,63470.96,0.02835,6402589797,6402589797,2026-06-12 03:44:36.692,False,True,63470.96,0.02835,1799.401716,BTCUSDT
3987121108,63471.25,0.0057,6402589798,6402589798,2026-06-12 03:44:36.692,False,True,63471.25,0.0057,361.786125,BTCUSDT
3987121109,63471.26,0.07575,6402589799,6402589799,2026-06-12 03:44:36.692,False,True,63471.26,0.07575,4807.947945,BTCUSDT
3987121110,63471.94,0.00163,6402589800,6402589800,2026-06-12 03:44:36.692,False,True,63471.94,0.00163,103.4592622,BTCUSDT
3987121111,63471.97,0.00023,6402589801,6402589801,2026-06-12 03:44:36.692,False,True,63471.97,0.00023,14.5985531,BTCUSDT
3987121112,63472.0,0.027,6402589802,6402589805,2026-06-12 03:44:36.692,False,True,63472.0,0.027,1713.744,BTCUSDT
3987121113,63472.1,8e-05,6402589806,6402589806,2026-06-12 03:44:36.692,False,True,63472.1,8e-05,5.077768000000001,BTCUSDT
3987121114,63472.37,0.00018,6402589807,6402589807,2026-06-12 03:44:36.692,False,True,63472.37,0.00018,11.4250266,BTCUSDT
3987121115,63472.38,0.084,6402589808,6402589809,2026-06-12 03:44:36.692,False,True,63472.38,0.084,5331.6799200000005,BTCUSDT
3987121116,63472.4,0.01262,6402589810,6402589811,2026-06-12 03:44:36.692,False,True,63472.4,0.01262,801.0216879999999,BTCUSDT
3987121117,63472.5,0.00017,6402589812,6402589813,2026-06-12 03:44:36.692,False,True,63472.5,0.00017,10.790325000000001,BTCUSDT
3987121118,63472.64,0.00018,6402589814,6402589814,2026-06-12 03:44:36.692,False,True,63472.64,0.00018,11.4250752,BTCUSDT
3987121119,63472.65,0.02703,6402589815,6402589816,2026-06-12 03:44:36.692,False,True,63472.65,0.02703,1715.6657295,BTCUSDT
3987121120,63472.65,0.0001,6402589817,6402589817,2026-06-12 03:44:36.693,False,True,63472.65,0.0001,6.347265,BTCUSDT
3987121121,63472.65,0.19116,6402589818,6402589818,2026-06-12 03:44:36.693,False,True,63472.65,0.19116,12133.431774,BTCUSDT
3987121122,63472.69,0.00255,6402589819,6402589819,2026-06-12 03:44:36.693,False,True,63472.69,0.00255,161.85535950000002,BTCUSDT
3987121123,63472.8,0.004,6402589820,6402589820,2026-06-12 03:44:36.693,False,True,63472.8,0.004,253.89120000000003,BTCUSDT
3987121124,63472.96,0.07575,6402589821,6402589821,2026-06-12 03:44:36.693,False,True,63472.96,0.07575,4808.07672,BTCUSDT
3987121125,63472.97,0.044,6402589822,6402589822,2026-06-12 03:44:36.693,False,True,63472.97,0.044,2792.81068,BTCUSDT
3987121126,63472.98,0.042,6402589823,6402589823,2026-06-12 03:44:36.693,False,True,63472.98,0.042,2665.8651600000003,BTCUSDT
3987121127,63473.04,0.00018,6402589824,6402589824,2026-06-12 03:44:36.693,False,True,63473.04,0.00018,11.425147200000001,BTCUSDT
3987121128,63473.05,0.054,6402589825,6402589826,2026-06-12 03:44:36.693,False,True,63473.05,0.054,3427.5447,BTCUSDT
3987121129,63473.28,0.0001,6402589827,6402589827,2026-06-12 03:44:36.693,False,True,63473.28,0.0001,6.347328,BTCUSDT
3987121130,63473.41,0.0002,6402589828,6402589829,2026-06-12 03:44:36.693,False,True,63473.41,0.0002,12.694682000000002,BTCUSDT
3987121131,63473.49,0.00192,6402589830,6402589830,2026-06-12 03:44:36.693,False,True,63473.49,0.00192,121.8691008,BTCUSDT
3987121132,63473.63,0.00047,6402589831,6402589831,2026-06-12 03:44:36.693,False,True,63473.63,0.00047,29.8326061,BTCUSDT
3987121133,63473.69,0.05393,6402589832,6402589832,2026-06-12 03:44:36.693,False,True,63473.69,0.05393,3423.1361017,BTCUSDT
3987121134,63473.9,0.00047,6402589833,6402589833,2026-06-12 03:44:36.693,False,True,63473.9,0.00047,29.832733,BTCUSDT
3987121135,63474.0,0.02769,6402589834,6402589838,2026-06-12 03:44:36.693,False,True,63474.0,0.02769,1757.5950599999999,BTCUSDT
3987121136,63474.09,0.00047,6402589839,6402589839,2026-06-12 03:44:36.693,False,True,63474.09,0.00047,29.832822299999997,BTCUSDT
3987121137,63474.11,8e-05,6402589840,6402589840,2026-06-12 03:44:36.693,False,True,63474.11,8e-05,5.0779288000000005,BTCUSDT
3987121138,63474.26,0.01,6402589841,6402589841,2026-06-12 03:44:36.693,False,True,63474.26,0.01,634.7426,BTCUSDT
3987121139,63474.37,0.00157,6402589842,6402589842,2026-06-12 03:44:36.693,False,True,63474.37,0.00157,99.6547609,BTCUSDT
3987121140,63474.39,0.004,6402589843,6402589843,2026-06-12 03:44:36.693,False,True,63474.39,0.004,253.89756,BTCUSDT
3987121141,63474.86,0.01576,6402589844,6402589844,2026-06-12 03:44:36.693,False,True,63474.86,0.01576,1000.3637936,BTCUSDT
3987121142,63474.91,0.00018,6402589845,6402589845,2026-06-12 03:44:36.693,False,True,63474.91,0.00018,11.425483800000002,BTCUSDT
3987121143,63474.92,0.022,6402589846,6402589846,2026-06-12 03:44:36.693,False,True,63474.92,0.022,1396.44824,BTCUSDT
3987121144,63475.41,0.02,6402589847,6402589847,2026-06-12 03:44:36.693,False,True,63475.41,0.02,1269.5082,BTCUSDT
3987121145,63475.56,0.044,6402589848,6402589849,2026-06-12 03:44:36.693,False,True,63475.56,0.044,2792.9246399999997,BTCUSDT
3987121146,63475.6,8e-05,6402589850,6402589850,2026-06-12 03:44:36.693,False,True,63475.6,8e-05,5.078048,BTCUSDT
3987121147,63475.72,8e-05,6402589851,6402589851,2026-06-12 03:44:36.693,False,True,63475.72,8e-05,5.0780576,BTCUSDT
3987121148,63475.91,0.02,6402589852,6402589852,2026-06-12 03:44:36.693,False,True,63475.91,0.02,1269.5182000000002,BTCUSDT
3987121149,63475.98,0.004,6402589853,6402589853,2026-06-12 03:44:36.693,False,True,63475.98,0.004,253.90392000000003,BTCUSDT
3987121150,63476.0,0.027,6402589854,6402589857,2026-06-12 03:44:36.693,False,True,63476.0,0.027,1713.852,BTCUSDT
3987121151,63476.04,0.00885,6402589858,6402589858,2026-06-12 03:44:36.693,False,True,63476.04,0.00885,561.762954,BTCUSDT
3987121152,63476.11,0.00018,6402589859,6402589859,2026-06-12 03:44:36.693,False,True,63476.11,0.00018,11.4256998,BTCUSDT
3987121153,63476.12,0.00018,6402589860,6402589860,2026-06-12 03:44:36.693,False,True,63476.12,0.00018,11.425701600000002,BTCUSDT
3987121154,63476.13,0.36561,6402589861,6402589861,2026-06-12 03:44:36.693,False,True,63476.13,0.36561,23207.5078893,BTCUSDT
3987121155,63476.18,0.024,6402589862,6402589862,2026-06-12 03:44:36.693,False,True,63476.18,0.024,1523.42832,BTCUSDT
3987121156,63476.19,0.02,6402589863,6402589863,2026-06-12 03:44:36.693,False,True,63476.19,0.02,1269.5238000000002,BTCUSDT
3987121157,63476.23,0.04,6402589864,6402589865,2026-06-12 03:44:36.693,False,True,63476.23,0.04,2539.0492000000004,BTCUSDT
3987121158,63476.32,9e-05,6402589866,6402589866,2026-06-12 03:44:36.693,False,True,63476.32,9e-05,5.712868800000001,BTCUSDT
3987121159,63476.33,0.24599,6402589867,6402589869,2026-06-12 03:44:36.693,False,True,63476.33,0.24599,15614.5424167,BTCUSDT
3987121160,63476.71,0.003,6402589870,6402589870,2026-06-12 03:44:36.693,False,True,63476.71,0.003,190.43013,BTCUSDT
3987121161,63476.86,0.04315,6402589871,6402589871,2026-06-12 03:44:36.693,False,True,63476.86,0.04315,2739.0265090000003,BTCUSDT
3987121162,63476.98,0.00567,6402589872,6402589872,2026-06-12 03:44:36.693,False,True,63476.98,0.00567,359.9144766,BTCUSDT
3987121163,63477.09,0.00018,6402589873,6402589873,2026-06-12 03:44:36.693,False,True,63477.09,0.00018,11.4258762,BTCUSDT
3987121164,63477.1,0.16294,6402589874,6402589874,2026-06-12 03:44:36.693,False,True,63477.1,0.16294,10342.958674,BTCUSDT
3987121165,63477.13,8e-05,6402589875,6402589875,2026-06-12 03:44:36.693,False,True,63477.13,8e-05,5.0781704,BTCUSDT
3987121166,63477.4,0.00951,6402589876,6402589876,2026-06-12 03:44:36.693,False,True,63477.4,0.00951,603.670074,BTCUSDT
3987121167,63477.46,0.14,6402589877,6402589879,2026-06-12 03:44:36.693,False,True,63477.46,0.14,8886.8444,BTCUSDT
3987121168,63477.56,0.00788,6402589880,6402589880,2026-06-12 03:44:36.693,False,True,63477.56,0.00788,500.20317279999995,BTCUSDT
3987121169,63477.57,0.004,6402589881,6402589881,2026-06-12 03:44:36.693,False,True,63477.57,0.004,253.91028,BTCUSDT
3987121170,63477.99,0.00788,6402589882,6402589882,2026-06-12 03:44:36.693,False,True,63477.99,0.00788,500.20656119999995,BTCUSDT
3987121171,63478.0,0.027,6402589883,6402589886,2026-06-12 03:44:36.693,False,True,63478.0,0.027,1713.906,BTCUSDT
3987121172,63478.04,0.01576,6402589887,6402589887,2026-06-12 03:44:36.693,False,True,63478.04,0.01576,1000.4139104,BTCUSDT
3987121173,63478.32,8e-05,6402589888,6402589888,2026-06-12 03:44:36.693,False,True,63478.32,8e-05,5.078265600000001,BTCUSDT
3987121174,63478.42,2e-05,6402589889,6402589889,2026-06-12 03:44:36.693,False,True,63478.42,2e-05,1.2695684,BTCUSDT
3987121175,63478.42,0.0001,6402589890,6402589890,2026-06-12 03:44:36.693,False,True,63478.42,0.0001,6.347842,BTCUSDT
3987121176,63478.42,6e-05,6402589891,6402589891,2026-06-12 03:44:36.693,False,True,63478.42,6e-05,3.8087052,BTCUSDT
3987121177,63478.43,0.3203,6402589892,6402589892,2026-06-12 03:44:36.693,False,True,63478.43,0.3203,20332.141129,BTCUSDT
3987121178,63478.67,0.00849,6402589893,6402589893,2026-06-12 03:44:36.693,False,True,63478.67,0.00849,538.9339083,BTCUSDT
3987121179,63478.69,0.16347,6402589894,6402589894,2026-06-12 03:44:36.693,False,True,63478.69,0.16347,10376.8614543,BTCUSDT
3987121180,63478.7,8e-05,6402589895,6402589895,2026-06-12 03:44:36.693,False,True,63478.7,8e-05,5.078296,BTCUSDT
3987121181,63478.8,9e-05,6402589896,6402589896,2026-06-12 03:44:36.693,False,True,63478.8,9e-05,5.7130920000000005,BTCUSDT
3987121182,63479.16,0.004,6402589897,6402589897,2026-06-12 03:44:36.693,False,True,63479.16,0.004,253.91664000000003,BTCUSDT
3987121183,63479.25,8e-05,6402589898,6402589898,2026-06-12 03:44:36.693,False,True,63479.25,8e-05,5.078340000000001,BTCUSDT
3987121184,63479.5,0.004,6402589899,6402589899,2026-06-12 03:44:36.693,False,True,63479.5,0.004,253.918,BTCUSDT
3987121185,63479.52,0.0001,6402589900,6402589900,2026-06-12 03:44:36.693,False,True,63479.52,0.0001,6.347952,BTCUSDT
3987121186,63479.78,0.00012,6402589901,6402589901,2026-06-12 03:44:36.693,False,True,63479.78,0.00012,7.6175736,BTCUSDT
3987121187,63479.82,0.00018,6402589902,6402589902,2026-06-12 03:44:36.693,False,True,63479.82,0.00018,11.4263676,BTCUSDT
3987121188,63479.99,9e-05,6402589903,6402589903,2026-06-12 03:44:36.694,False,True,63479.99,9e-05,5.7131991,BTCUSDT
3987121189,63480.0,0.027,6402589904,6402589907,2026-06-12 03:44:36.694,False,True,63480.0,0.027,1713.96,BTCUSDT
3987121190,63480.03,0.03244,6402589908,6402589909,2026-06-12 03:44:36.694,False,True,63480.03,0.03244,2059.2921731999995,BTCUSDT
3987121191,63480.75,0.004,6402589910,6402589910,2026-06-12 03:44:36.694,False,True,63480.75,0.004,253.923,BTCUSDT
3987121192,63481.21,0.01585,6402589911,6402589912,2026-06-12 03:44:36.694,False,True,63481.21,0.01585,1006.1771785,BTCUSDT
3987121193,63481.32,0.00865,6402589913,6402589913,2026-06-12 03:44:36.694,False,True,63481.32,0.00865,549.113418,BTCUSDT
3987121194,63481.8,8e-05,6402589914,6402589914,2026-06-12 03:44:36.694,False,True,63481.8,8e-05,5.078544000000001,BTCUSDT
3987121195,63480.41,0.02,6402589915,6402589915,2026-06-12 03:44:36.696,False,True,63480.41,0.02,1269.6082000000001,BTCUSDT
3987121196,63482.0,0.027,6402589916,6402589919,2026-06-12 03:44:36.696,False,True,63482.0,0.027,1714.014,BTCUSDT
3987121197,63482.01,8e-05,6402589920,6402589920,2026-06-12 03:44:36.696,False,True,63482.01,8e-05,5.078560800000001,BTCUSDT
3987121198,63482.02,0.03292,6402589921,6402589921,2026-06-12 03:44:36.696,False,True,63482.02,0.03292,2089.8280984,BTCUSDT
3987121199,63482.02,9e-05,6402589922,6402589922,2026-06-12 03:44:36.697,False,True,63482.02,9e-05,5.7133818000000005,BTCUSDT
3987121200,63482.02,0.02,6402589923,6402589923,2026-06-12 03:44:36.697,False,True,63482.02,0.02,1269.6404,BTCUSDT
3987121201,63481.99,0.00018,6402589924,6402589925,2026-06-12 03:44:36.698,False,True,63481.99,0.00018,11.4267582,BTCUSDT
3987121202,63482.02,0.03982,6402589926,6402589926,2026-06-12 03:44:36.698,False,True,63482.02,0.03982,2527.8540364,BTCUSDT
3987121203,63482.02,0.01,6402589927,6402589927,2026-06-12 03:44:36.698,False,True,63482.02,0.01,634.8202,BTCUSDT
3987121204,63482.0,0.02,6402589928,6402589928,2026-06-12 03:44:36.699,False,True,63482.0,0.02,1269.64,BTCUSDT
3987121205,63481.99,0.00138,6402589929,6402589929,2026-06-12 03:44:36.704,True,True,63481.99,0.00138,87.6051462,BTCUSDT
3987121206,63482.0,0.00292,6402589930,6402589930,2026-06-12 03:44:36.704,False,True,63482.0,0.00292,185.36744,BTCUSDT
3987121207,63482.01,0.00018,6402589931,6402589932,2026-06-12 03:44:36.704,False,True,63482.01,0.00018,11.426761800000001,BTCUSDT
3987121208,63482.02,0.14056,6402589933,6402589933,2026-06-12 03:44:36.704,False,True,63482.02,0.14056,8923.032731199999,BTCUSDT
3987121209,63482.06,9e-05,6402589934,6402589934,2026-06-12 03:44:36.704,False,True,63482.06,9e-05,5.7133854,BTCUSDT
3987121210,63482.44,0.0051,6402589935,6402589936,2026-06-12 03:44:36.724,True,True,63482.44,0.0051,323.760444,BTCUSDT
3987121211,63482.44,0.0051,6402589937,6402589939,2026-06-12 03:44:36.729,True,True,63482.44,0.0051,323.760444,BTCUSDT
3987121212,63482.45,0.00016,6402589940,6402589941,2026-06-12 03:44:36.729,False,True,63482.45,0.00016,10.157192,BTCUSDT
3987121213,63482.45,0.00016,6402589942,6402589942,2026-06-12 03:44:36.729,False,True,63482.45,0.00016,10.157192,BTCUSDT
3987121214,63482.45,0.00016,6402589943,6402589943,2026-06-12 03:44:36.731,False,True,63482.45,0.00016,10.157192,BTCUSDT
3987121215,63482.45,0.00016,6402589944,6402589944,2026-06-12 03:44:36.731,False,True,63482.45,0.00016,10.157192,BTCUSDT
3987121216,63482.45,0.02826,6402589945,6402589945,2026-06-12 03:44:36.732,False,True,63482.45,0.02826,1794.014037,BTCUSDT
3987121217,63482.45,0.04628,6402589946,6402589947,2026-06-12 03:44:36.732,False,True,63482.45,0.04628,2937.967786,BTCUSDT
3987121218,63482.45,0.00047,6402589948,6402589948,2026-06-12 03:44:36.734,False,True,63482.45,0.00047,29.8367515,BTCUSDT
3987121219,63482.45,0.01123,6402589949,6402589949,2026-06-12 03:44:36.735,False,True,63482.45,0.01123,712.9079135,BTCUSDT
3987121220,63482.45,0.016,6402589950,6402589950,2026-06-12 03:44:36.736,False,True,63482.45,0.016,1015.7192,BTCUSDT
3987121221,63482.45,0.01009,6402589951,6402589951,2026-06-12 03:44:36.738,False,True,63482.45,0.01009,640.5379204999999,BTCUSDT
3987121222,63482.45,0.01264,6402589952,6402589952,2026-06-12 03:44:36.739,False,True,63482.45,0.01264,802.4181679999999,BTCUSDT
3987121223,63482.45,0.00941,6402589953,6402589953,2026-06-12 03:44:36.741,False,True,63482.45,0.00941,597.3698545,BTCUSDT
3987121224,63482.45,0.01025,6402589954,6402589954,2026-06-12 03:44:36.741,False,True,63482.45,0.01025,650.6951125,BTCUSDT
3987121225,63482.45,0.00877,6402589955,6402589955,2026-06-12 03:44:36.741,False,True,63482.45,0.00877,556.7410864999999,BTCUSDT
3987121226,63482.45,0.02001,6402589956,6402589956,2026-06-12 03:44:36.756,False,True,63482.45,0.02001,1270.2838245,BTCUSDT
3987121227,63482.45,0.00873,6402589957,6402589957,2026-06-12 03:44:36.765,False,True,63482.45,0.00873,554.2017885,BTCUSDT
3987121228,63482.45,0.01608,6402589958,6402589958,2026-06-12 03:44:36.774,False,True,63482.45,0.01608,1020.797796,BTCUSDT
3987121229,63482.45,0.005,6402589959,6402589959,2026-06-12 03:44:36.782,False,True,63482.45,0.005,317.41225,BTCUSDT
3987121230,63482.45,0.011,6402589960,6402589960,2026-06-12 03:44:36.782,False,True,63482.45,0.011,698.3069499999999,BTCUSDT
3987121231,63482.45,0.00841,6402589961,6402589974,2026-06-12 03:44:36.793,False,True,63482.45,0.00841,533.8874045,BTCUSDT
3987121232,63482.45,0.00127,6402589975,6402589975,2026-06-12 03:44:37.002,False,True,63482.45,0.00127,80.62271150000001,BTCUSDT
3987121233,63482.44,0.31955,6402589976,6402590015,2026-06-12 03:44:37.413,True,True,63482.44,0.31955,20285.813702,BTCUSDT
3987121234,63482.43,0.0005,6402590016,6402590020,2026-06-12 03:44:37.415,True,True,63482.43,0.0005,31.741215,BTCUSDT
3987121235,63482.42,0.00016,6402590021,6402590021,2026-06-12 03:44:37.415,True,True,63482.42,0.00016,10.157187200000001,BTCUSDT
3987121236,63482.34,0.0009,6402590022,6402590030,2026-06-12 03:44:37.544,True,True,63482.34,0.0009,57.134105999999996,BTCUSDT
3987121237,63482.33,0.00034,6402590031,6402590034,2026-06-12 03:44:37.544,True,True,63482.33,0.00034,21.5839922,BTCUSDT
3987121238,63482.19,0.00027,6402590035,6402590037,2026-06-12 03:44:37.544,True,True,63482.19,0.00027,17.1401913,BTCUSDT
3987121239,63482.18,0.04267,6402590038,6402590045,2026-06-12 03:44:37.556,True,True,63482.18,0.04267,2708.7846206,BTCUSDT
3987121240,63482.17,0.00036,6402590046,6402590048,2026-06-12 03:44:37.556,True,True,63482.17,0.00036,22.8535812,BTCUSDT
3987121241,63482.16,0.00016,6402590049,6402590050,2026-06-12 03:44:37.556,True,True,63482.16,0.00016,10.157145600000002,BTCUSDT
3987121242,63482.0,0.00034,6402590051,6402590053,2026-06-12 03:44:37.556,True,True,63482.0,0.00034,21.58388,BTCUSDT
3987121243,63481.8,8e-05,6402590054,6402590054,2026-06-12 03:44:37.557,True,True,63481.8,8e-05,5.078544000000001,BTCUSDT
3987121244,63481.54,0.0004,6402590055,6402590059,2026-06-12 03:44:37.562,True,True,63481.54,0.0004,25.392616,BTCUSDT
3987121245,63481.53,0.00018,6402590060,6402590061,2026-06-12 03:44:37.562,True,True,63481.53,0.00018,11.4266754,BTCUSDT
3987121246,63479.82,0.0008,6402590062,6402590071,2026-06-12 03:44:37.568,True,True,63479.82,0.0008,50.783856,BTCUSDT
3987121247,63479.81,0.00018,6402590072,6402590073,2026-06-12 03:44:37.568,True,True,63479.81,0.00018,11.426365800000001,BTCUSDT
3987121248,63479.77,0.00027,6402590074,6402590076,2026-06-12 03:44:37.568,True,True,63479.77,0.00027,17.1395379,BTCUSDT
3987121249,63479.76,0.07379,6402590077,6402590084,2026-06-12 03:44:37.615,True,True,63479.76,0.07379,4684.1714904,BTCUSDT
3987121250,63479.46,0.00018,6402590085,6402590085,2026-06-12 03:44:37.617,True,True,63479.46,0.00018,11.4263028,BTCUSDT
3987121251,63479.26,0.0009,6402590086,6402590095,2026-06-12 03:44:37.907,True,True,63479.26,0.0009,57.131334,BTCUSDT
3987121252,63479.25,0.00017,6402590096,6402590097,2026-06-12 03:44:37.908,True,True,63479.25,0.00017,10.791472500000001,BTCUSDT
3987121253,63478.71,0.00058,6402590098,6402590103,2026-06-12 03:44:38.007,True,True,63478.71,0.00058,36.8176518,BTCUSDT
3987121254,63478.39,0.00016,6402590104,6402590105,2026-06-12 03:44:38.009,True,True,63478.39,0.00016,10.156542400000001,BTCUSDT
3987121255,63478.38,0.0008,6402590106,6402590114,2026-06-12 03:44:38.015,True,True,63478.38,0.0008,50.782704,BTCUSDT
3987121256,63478.37,0.00034,6402590115,6402590117,2026-06-12 03:44:38.015,True,True,63478.37,0.00034,21.5826458,BTCUSDT
3987121257,63478.36,0.00016,6402590118,6402590118,2026-06-12 03:44:38.015,True,True,63478.36,0.00016,10.1565376,BTCUSDT
3987121258,63476.56,0.00016,6402590119,6402590120,2026-06-12 03:44:38.015,True,True,63476.56,0.00016,10.1562496,BTCUSDT
3987121259,63476.46,9e-05,6402590121,6402590121,2026-06-12 03:44:38.015,True,True,63476.46,9e-05,5.7128814000000006,BTCUSDT
3987121260,63476.09,0.003,6402590122,6402590122,2026-06-12 03:44:38.015,True,True,63476.09,0.003,190.42827,BTCUSDT
3987121261,63475.6,8e-05,6402590123,6402590123,2026-06-12 03:44:38.015,True,True,63475.6,8e-05,5.078048,BTCUSDT
3987121262,63475.1,0.00018,6402590124,6402590125,2026-06-12 03:44:38.015,True,True,63475.1,0.00018,11.425518,BTCUSDT
3987121263,63474.57,0.00027,6402590126,6402590128,2026-06-12 03:44:38.015,True,True,63474.57,0.00027,17.1381339,BTCUSDT
3987121264,63474.56,0.01373,6402590129,6402590129,2026-06-12 03:44:39.632,True,True,63474.56,0.01373,871.5057087999999,BTCUSDT
3987121265,63474.57,0.00048,6402590130,6402590130,2026-06-12 03:44:39.961,False,True,63474.57,0.00048,30.4677936,BTCUSDT
3987121266,63474.57,0.00015,6402590131,6402590131,2026-06-12 03:44:40.108,False,True,63474.57,0.00015,9.5211855,BTCUSDT
3987121267,63474.56,0.0456,6402590132,6402590132,2026-06-12 03:44:40.173,True,True,63474.56,0.0456,2894.439936,BTCUSDT
3987121268,63474.57,0.00403,6402590133,6402590133,2026-06-12 03:44:40.238,False,True,63474.57,0.00403,255.8025171,BTCUSDT
3987121269,63474.57,0.00022,6402590134,6402590134,2026-06-12 03:44:41.071,False,True,63474.57,0.00022,13.9644054,BTCUSDT
3987121270,63474.57,0.00011,6402590135,6402590135,2026-06-12 03:44:41.253,False,True,63474.57,0.00011,6.9822027,BTCUSDT
3987121271,63474.57,9e-05,6402590136,6402590136,2026-06-12 03:44:41.458,False,True,63474.57,9e-05,5.7127113000000005,BTCUSDT
3987121272,63474.56,0.0002,6402590137,6402590137,2026-06-12 03:44:41.567,True,True,63474.56,0.0002,12.694912,BTCUSDT
3987121273,63474.56,0.00016,6402590138,6402590138,2026-06-12 03:44:41.783,True,True,63474.56,0.00016,10.1559296,BTCUSDT
3987121274,63474.57,0.012,6402590139,6402590139,2026-06-12 03:44:42.039,False,True,63474.57,0.012,761.69484,BTCUSDT
3987121275,63474.57,0.012,6402590140,6402590140,2026-06-12 03:44:42.056,False,True,63474.57,0.012,761.69484,BTCUSDT
3987121276,63474.57,0.00064,6402590141,6402590141,2026-06-12 03:44:42.750,False,True,63474.57,0.00064,40.623724800000005,BTCUSDT
3987121277,63474.56,0.0002,6402590142,6402590142,2026-06-12 03:44:43.298,True,True,63474.56,0.0002,12.694912,BTCUSDT
3987121278,63474.56,0.02178,6402590143,6402590143,2026-06-12 03:44:43.593,True,True,63474.56,0.02178,1382.4759168,BTCUSDT
3987121279,63474.56,0.00018,6402590144,6402590144,2026-06-12 03:44:43.655,True,True,63474.56,0.00018,11.4254208,BTCUSDT
3987121280,63474.57,0.00223,6402590145,6402590145,2026-06-12 03:44:43.782,False,True,63474.57,0.00223,141.5482911,BTCUSDT
3987121281,63474.57,0.0005,6402590146,6402590146,2026-06-12 03:44:43.794,False,True,63474.57,0.0005,31.737285,BTCUSDT
3987121282,63474.56,0.0002,6402590147,6402590147,2026-06-12 03:44:44.682,True,True,63474.56,0.0002,12.694912,BTCUSDT
3987121283,63474.57,0.00157,6402590148,6402590148,2026-06-12 03:44:45.133,False,True,63474.57,0.00157,99.6550749,BTCUSDT
3987121284,63474.56,0.00046,6402590149,6402590149,2026-06-12 03:44:45.179,True,True,63474.56,0.00046,29.1982976,BTCUSDT
3987121285,63474.57,0.00135,6402590150,6402590150,2026-06-12 03:44:45.747,False,True,63474.57,0.00135,85.6906695,BTCUSDT
3987121286,63474.56,0.01605,6402590151,6402590151,2026-06-12 03:44:45.929,True,True,63474.56,0.01605,1018.7666879999998,BTCUSDT
3987121287,63474.56,0.00049,6402590152,6402590152,2026-06-12 03:44:45.986,True,True,63474.56,0.00049,31.102534399999996,BTCUSDT
3987121288,63474.57,0.00012,6402590153,6402590153,2026-06-12 03:44:46.307,False,True,63474.57,0.00012,7.6169484,BTCUSDT
3987121289,63474.57,0.00147,6402590154,6402590154,2026-06-12 03:44:47.017,False,True,63474.57,0.00147,93.3076179,BTCUSDT
3987121290,63474.56,0.00433,6402590155,6402590155,2026-06-12 03:44:47.646,True,True,63474.56,0.00433,274.8448448,BTCUSDT
3987121291,63474.56,0.0008,6402590156,6402590156,2026-06-12 03:44:47.728,True,True,63474.56,0.0008,50.779648,BTCUSDT
3987121292,63474.57,0.00105,6402590157,6402590157,2026-06-12 03:44:47.941,False,True,63474.57,0.00105,66.6482985,BTCUSDT
3987121293,63474.56,0.0001,6402590158,6402590159,2026-06-12 03:44:50.187,True,True,63474.56,0.0001,6.347456,BTCUSDT
3987121294,63474.57,0.00039,6402590160,6402590160,2026-06-12 03:44:50.227,False,True,63474.57,0.00039,24.755082299999998,BTCUSDT
3987121295,63474.56,0.0008,6402590161,6402590168,2026-06-12 03:44:51.312,True,True,63474.56,0.0008,50.779648,BTCUSDT
3987121296,63474.57,0.0019,6402590169,6402590169,2026-06-12 03:44:51.383,False,True,63474.57,0.0019,120.601683,BTCUSDT
3987121297,63474.56,0.03158,6402590170,6402590179,2026-06-12 03:44:52.331,True,True,63474.56,0.03158,2004.5266047999996,BTCUSDT
3987121298,63474.57,0.0001,6402590180,6402590180,2026-06-12 03:44:53.222,False,True,63474.57,0.0001,6.347457,BTCUSDT
3987121299,63474.57,0.00275,6402590181,6402590181,2026-06-12 03:44:53.568,False,True,63474.57,0.00275,174.55506749999998,BTCUSDT
3987121300,63474.56,0.0064,6402590182,6402590182,2026-06-12 03:44:53.877,True,True,63474.56,0.0064,406.237184,BTCUSDT
3987121301,63474.56,0.00022,6402590183,6402590183,2026-06-12 03:44:53.913,True,True,63474.56,0.00022,13.9644032,BTCUSDT
3987121302,63474.57,0.0016,6402590184,6402590184,2026-06-12 03:44:53.946,False,True,63474.57,0.0016,101.559312,BTCUSDT
3987121303,63474.57,9e-05,6402590185,6402590185,2026-06-12 03:44:54.436,False,True,63474.57,9e-05,5.7127113000000005,BTCUSDT
3987121304,63474.56,0.00064,6402590186,6402590186,2026-06-12 03:44:54.653,True,True,63474.56,0.00064,40.6237184,BTCUSDT
3987121305,63474.57,0.00093,6402590187,6402590187,2026-06-12 03:44:56.009,False,True,63474.57,0.00093,59.031350100000004,BTCUSDT
3987121306,63474.56,0.0502,6402590188,6402590188,2026-06-12 03:44:57.417,True,True,63474.56,0.0502,3186.422912,BTCUSDT
3987121307,63474.56,0.00209,6402590189,6402590189,2026-06-12 03:44:58.585,True,True,63474.56,0.00209,132.66183039999999,BTCUSDT
3987121308,63474.57,0.00089,6402590190,6402590190,2026-06-12 03:44:59.571,False,True,63474.57,0.00089,56.4923673,BTCUSDT
3987121309,63474.56,0.0026,6402590191,6402590191,2026-06-12 03:44:59.750,True,True,63474.56,0.0026,165.033856,BTCUSDT
3987121310,63474.56,0.00161,6402590192,6402590192,2026-06-12 03:45:00.782,True,True,63474.56,0.00161,102.1940416,BTCUSDT
3987121311,63474.56,0.0332,6402590193,6402590221,2026-06-12 03:45:02.386,True,True,63474.56,0.0332,2107.355392,BTCUSDT
3987121312,63474.57,0.00018,6402590222,6402590222,2026-06-12 03:45:02.904,False,True,63474.57,0.00018,11.425422600000001,BTCUSDT
3987121313,63474.57,0.00041,6402590223,6402590223,2026-06-12 03:45:04.226,False,True,63474.57,0.00041,26.024573699999998,BTCUSDT
3987121314,63474.57,0.0003,6402590224,6402590224,2026-06-12 03:45:05.567,False,True,63474.57,0.0003,19.042371,BTCUSDT
3987121315,63474.56,0.0001,6402590225,6402590225,2026-06-12 03:45:05.954,True,True,63474.56,0.0001,6.347456,BTCUSDT
3987121316,63474.56,0.0308,6402590226,6402590240,2026-06-12 03:45:06.376,True,True,63474.56,0.0308,1955.016448,BTCUSDT
3987121317,63474.57,0.00047,6402590241,6402590241,2026-06-12 03:45:06.404,False,True,63474.57,0.00047,29.8330479,BTCUSDT
3987121318,63474.56,0.0308,6402590242,6402590244,2026-06-12 03:45:06.544,True,True,63474.56,0.0308,1955.016448,BTCUSDT
3987121319,63474.57,0.01102,6402590245,6402590245,2026-06-12 03:45:06.581,False,True,63474.57,0.01102,699.4897614,BTCUSDT
3987121320,63474.57,0.00011,6402590246,6402590246,2026-06-12 03:45:06.770,False,True,63474.57,0.00011,6.9822027,BTCUSDT
3987121321,63474.57,9e-05,6402590247,6402590247,2026-06-12 03:45:07.492,False,True,63474.57,9e-05,5.7127113000000005,BTCUSDT
3987121322,63474.57,0.00011,6402590248,6402590248,2026-06-12 03:45:07.558,False,True,63474.57,0.00011,6.9822027,BTCUSDT
3987121323,63474.56,0.0134,6402590249,6402590250,2026-06-12 03:45:07.818,True,True,63474.56,0.0134,850.559104,BTCUSDT
3987121324,63474.57,0.00033,6402590251,6402590251,2026-06-12 03:45:08.873,False,True,63474.57,0.00033,20.9466081,BTCUSDT
3987121325,63474.57,0.00337,6402590252,6402590252,2026-06-12 03:45:09.350,False,True,63474.57,0.00337,213.9093009,BTCUSDT
3987121326,63474.57,0.00462,6402590253,6402590253,2026-06-12 03:45:09.882,False,True,63474.57,0.00462,293.2525134,BTCUSDT
3987121327,63474.56,0.00032,6402590254,6402590254,2026-06-12 03:45:10.466,True,True,63474.56,0.00032,20.3118592,BTCUSDT
3987121328,63474.56,0.1,6402590255,6402590255,2026-06-12 03:45:10.713,True,True,63474.56,0.1,6347.456,BTCUSDT
3987121329,63474.57,0.00063,6402590256,6402590256,2026-06-12 03:45:11.011,False,True,63474.57,0.00063,39.9889791,BTCUSDT
3987121330,63474.57,0.00408,6402590257,6402590257,2026-06-12 03:45:11.847,False,True,63474.57,0.00408,258.9762456,BTCUSDT
3987121331,63474.57,0.0003,6402590258,6402590258,2026-06-12 03:45:11.969,False,True,63474.57,0.0003,19.042371,BTCUSDT
3987121332,63474.56,9e-05,6402590259,6402590259,2026-06-12 03:45:12.114,True,True,63474.56,9e-05,5.7127104,BTCUSDT
3987121333,63474.56,0.04727,6402590260,6402590260,2026-06-12 03:45:12.253,True,True,63474.56,0.04727,3000.4424512,BTCUSDT
3987121334,63474.56,0.04727,6402590261,6402590261,2026-06-12 03:45:12.260,True,True,63474.56,0.04727,3000.4424512,BTCUSDT
3987121335,63474.56,0.01398,6402590262,6402590262,2026-06-12 03:45:12.267,True,True,63474.56,0.01398,887.3743487999999,BTCUSDT
3987121336,63474.57,0.0001,6402590263,6402590263,2026-06-12 03:45:12.274,False,True,63474.57,0.0001,6.347457,BTCUSDT
3987121337,63474.57,0.00037,6402590264,6402590264,2026-06-12 03:45:12.981,False,True,63474.57,0.00037,23.4855909,BTCUSDT
3987121338,63474.57,0.00036,6402590265,6402590265,2026-06-12 03:45:13.047,False,True,63474.57,0.00036,22.850845200000002,BTCUSDT
3987121339,63474.57,0.00023,6402590266,6402590266,2026-06-12 03:45:13.261,False,True,63474.57,0.00023,14.5991511,BTCUSDT
3987121340,63474.57,0.00118,6402590267,6402590267,2026-06-12 03:45:13.454,False,True,63474.57,0.00118,74.8999926,BTCUSDT
3987121341,63474.56,0.1,6402590268,6402590268,2026-06-12 03:45:13.581,True,True,63474.56,0.1,6347.456,BTCUSDT
3987121342,63474.57,0.19952,6402590269,6402590316,2026-06-12 03:45:13.736,False,True,63474.57,0.19952,12664.4462064,BTCUSDT
3987121343,63474.58,0.00079,6402590317,6402590324,2026-06-12 03:45:13.736,False,True,63474.58,0.00079,50.1449182,BTCUSDT
3987121344,63474.59,0.00016,6402590325,6402590325,2026-06-12 03:45:13.736,False,True,63474.59,0.00016,10.1559344,BTCUSDT
3987121345,63474.94,0.00045,6402590326,6402590329,2026-06-12 03:45:13.736,False,True,63474.94,0.00045,28.563723,BTCUSDT
3987121346,63474.95,9e-05,6402590330,6402590330,2026-06-12 03:45:13.736,False,True,63474.95,9e-05,5.7127455000000005,BTCUSDT
3987121347,63475.6,0.017,6402590331,6402590331,2026-06-12 03:45:13.740,False,True,63475.6,0.017,1079.0852,BTCUSDT
3987121348,63475.6,0.0835,6402590332,6402590333,2026-06-12 03:45:13.740,False,True,63475.6,0.0835,5300.2126,BTCUSDT
3987121349,63475.6,0.00112,6402590334,6402590346,2026-06-12 03:45:13.743,False,True,63475.6,0.00112,71.092672,BTCUSDT
3987121350,63475.61,0.00054,6402590347,6402590352,2026-06-12 03:45:13.743,False,True,63475.61,0.00054,34.276829400000004,BTCUSDT
3987121351,63475.9,0.00027,6402590353,6402590355,2026-06-12 03:45:13.743,False,True,63475.9,0.00027,17.138493,BTCUSDT
3987121352,63475.91,0.0252,6402590356,6402590358,2026-06-12 03:45:13.745,False,True,63475.91,0.0252,1599.592932,BTCUSDT
3987121353,63475.91,0.00016,6402590359,6402590360,2026-06-12 03:45:13.791,False,True,63475.91,0.00016,10.156145600000002,BTCUSDT
3987121354,63475.91,0.00016,6402590361,6402590363,2026-06-12 03:45:13.791,False,True,63475.91,0.00016,10.156145600000002,BTCUSDT
3987121355,63475.91,0.005,6402590364,6402590370,2026-06-12 03:45:13.944,False,True,63475.91,0.005,317.37955000000005,BTCUSDT
3987121356,63475.91,0.01712,6402590371,6402590371,2026-06-12 03:45:14.148,False,True,63475.91,0.01712,1086.7075792,BTCUSDT
3987121357,63475.91,0.002,6402590372,6402590372,2026-06-12 03:45:14.239,False,True,63475.91,0.002,126.95182000000001,BTCUSDT
3987121358,63475.91,9e-05,6402590373,6402590373,2026-06-12 03:45:14.777,False,True,63475.91,9e-05,5.7128319,BTCUSDT
3987121359,63475.91,0.00026,6402590374,6402590374,2026-06-12 03:45:14.806,False,True,63475.91,0.00026,16.5037366,BTCUSDT
3987121360,63475.91,0.00025,6402590375,6402590375,2026-06-12 03:45:15.424,False,True,63475.91,0.00025,15.868977500000002,BTCUSDT
3987121361,63475.9,0.0136,6402590376,6402590376,2026-06-12 03:45:15.922,True,True,63475.9,0.0136,863.27224,BTCUSDT
3987121362,63475.91,0.00157,6402590377,6402590377,2026-06-12 03:45:17.325,False,True,63475.91,0.00157,99.6571787,BTCUSDT
3987121363,63475.9,9e-05,6402590378,6402590378,2026-06-12 03:45:17.365,True,True,63475.9,9e-05,5.712831,BTCUSDT
3987121364,63475.91,0.0002,6402590379,6402590379,2026-06-12 03:45:17.429,False,True,63475.91,0.0002,12.695182,BTCUSDT
3987121365,63475.9,0.00369,6402590380,6402590380,2026-06-12 03:45:17.449,True,True,63475.9,0.00369,234.22607100000002,BTCUSDT
3987121366,63475.91,0.0036,6402590381,6402590381,2026-06-12 03:45:17.667,False,True,63475.91,0.0036,228.51327600000002,BTCUSDT
3987121367,63475.9,0.1,6402590382,6402590382,2026-06-12 03:45:18.586,True,True,63475.9,0.1,6347.59,BTCUSDT
3987121368,63475.91,0.03,6402590383,6402590383,2026-06-12 03:45:19.067,False,True,63475.91,0.03,1904.2773,BTCUSDT
3987121369,63475.91,0.0095,6402590384,6402590384,2026-06-12 03:45:19.748,False,True,63475.91,0.0095,603.021145,BTCUSDT
3987121370,63475.9,0.0095,6402590385,6402590385,2026-06-12 03:45:19.751,True,True,63475.9,0.0095,603.02105,BTCUSDT
3987121371,63475.91,9e-05,6402590386,6402590386,2026-06-12 03:45:20.269,False,True,63475.91,9e-05,5.7128319,BTCUSDT
3987121372,63475.91,0.00011,6402590387,6402590387,2026-06-12 03:45:20.544,False,True,63475.91,0.00011,6.982350100000001,BTCUSDT
3987121373,63475.91,0.00017,6402590388,6402590388,2026-06-12 03:45:20.912,False,True,63475.91,0.00017,10.790904700000002,BTCUSDT
3987121374,63475.91,0.00012,6402590389,6402590389,2026-06-12 03:45:21.120,False,True,63475.91,0.00012,7.617109200000001,BTCUSDT
3987121375,63475.9,0.022,6402590390,6402590390,2026-06-12 03:45:21.211,True,True,63475.9,0.022,1396.4697999999999,BTCUSDT
3987121376,63475.91,0.00053,6402590391,6402590395,2026-06-12 03:45:22.234,False,True,63475.91,0.00053,33.6422323,BTCUSDT
3987121377,63475.91,0.007,6402590396,6402590413,2026-06-12 03:45:22.328,False,True,63475.91,0.007,444.33137000000005,BTCUSDT
3987121378,63475.91,0.001,6402590414,6402590425,2026-06-12 03:45:22.360,False,True,63475.91,0.001,63.475910000000006,BTCUSDT
3987121379,63475.91,0.00138,6402590426,6402590439,2026-06-12 03:45:22.438,False,True,63475.91,0.00138,87.5967558,BTCUSDT
3987121380,63475.92,0.00079,6402590440,6402590447,2026-06-12 03:45:22.438,False,True,63475.92,0.00079,50.1459768,BTCUSDT
3987121381,63475.93,0.00016,6402590448,6402590448,2026-06-12 03:45:22.438,False,True,63475.93,0.00016,10.1561488,BTCUSDT
3987121382,63476.45,9e-05,6402590449,6402590449,2026-06-12 03:45:22.438,False,True,63476.45,9e-05,5.7128805,BTCUSDT
3987121383,63477.8,0.00027,6402590450,6402590452,2026-06-12 03:45:22.438,False,True,63477.8,0.00027,17.139006000000002,BTCUSDT
3987121384,63477.81,0.00652,6402590453,6402590453,2026-06-12 03:45:22.438,False,True,63477.81,0.00652,413.8753212,BTCUSDT
3987121385,63477.81,0.01572,6402590454,6402590454,2026-06-12 03:45:22.460,False,True,63477.81,0.01572,997.8711732,BTCUSDT
3987121386,63477.81,0.00516,6402590455,6402590472,2026-06-12 03:45:22.540,False,True,63477.81,0.00516,327.54549959999997,BTCUSDT
3987121387,63477.82,0.00072,6402590473,6402590480,2026-06-12 03:45:22.540,False,True,63477.82,0.00072,45.7040304,BTCUSDT
3987121388,63478.7,8e-05,6402590481,6402590481,2026-06-12 03:45:22.540,False,True,63478.7,8e-05,5.078296,BTCUSDT
3987121389,63478.99,9e-05,6402590482,6402590482,2026-06-12 03:45:22.540,False,True,63478.99,9e-05,5.7131091000000005,BTCUSDT
3987121390,63479.25,8e-05,6402590483,6402590483,2026-06-12 03:45:22.540,False,True,63479.25,8e-05,5.078340000000001,BTCUSDT
3987121391,63480.92,0.003,6402590484,6402590484,2026-06-12 03:45:22.540,False,True,63480.92,0.003,190.44276,BTCUSDT
3987121392,63480.99,9e-05,6402590485,6402590485,2026-06-12 03:45:22.540,False,True,63480.99,9e-05,5.7132891,BTCUSDT
3987121393,63481.54,0.00045,6402590486,6402590489,2026-06-12 03:45:22.540,False,True,63481.54,0.00045,28.566693,BTCUSDT
3987121394,63481.54,9e-05,6402590490,6402590490,2026-06-12 03:45:22.669,True,True,63481.54,9e-05,5.7133386,BTCUSDT
3987121395,63481.54,0.01763,6402590491,6402590491,2026-06-12 03:45:23.588,True,True,63481.54,0.01763,1119.1795502,BTCUSDT
3987121396,63481.54,0.00056,6402590492,6402590492,2026-06-12 03:45:24.361,True,True,63481.54,0.00056,35.549662399999995,BTCUSDT
3987121397,63481.55,0.00111,6402590493,6402590493,2026-06-12 03:45:24.856,False,True,63481.55,0.00111,70.4645205,BTCUSDT
3987121398,63481.55,0.0001,6402590494,6402590494,2026-06-12 03:45:24.885,False,True,63481.55,0.0001,6.348155,BTCUSDT
3987121399,63481.55,0.009,6402590495,6402590495,2026-06-12 03:45:24.969,False,True,63481.55,0.009,571.33395,BTCUSDT
3987121400,63481.54,0.00202,6402590496,6402590496,2026-06-12 03:45:25.023,True,True,63481.54,0.00202,128.2327108,BTCUSDT
3987121401,63481.55,0.03293,6402590497,6402590497,2026-06-12 03:45:25.589,False,True,63481.55,0.03293,2090.4474415,BTCUSDT
3987121402,63481.55,0.00018,6402590498,6402590498,2026-06-12 03:45:25.950,False,True,63481.55,0.00018,11.426679000000002,BTCUSDT
3987121403,63481.55,0.00017,6402590499,6402590500,2026-06-12 03:45:28.194,False,True,63481.55,0.00017,10.791863500000002,BTCUSDT
3987121404,63481.55,0.00209,6402590501,6402590519,2026-06-12 03:45:28.349,False,True,63481.55,0.00209,132.6764395,BTCUSDT
3987121405,63481.55,0.00056,6402590520,6402590520,2026-06-12 03:45:28.714,False,True,63481.55,0.00056,35.549668,BTCUSDT
3987121406,63481.55,8e-05,6402590521,6402590521,2026-06-12 03:45:29.733,False,True,63481.55,8e-05,5.078524000000001,BTCUSDT
3987121407,63481.55,9e-05,6402590522,6402590522,2026-06-12 03:45:30.447,False,True,63481.55,9e-05,5.713339500000001,BTCUSDT
3987121408,63481.54,0.00018,6402590523,6402590524,2026-06-12 03:45:30.547,True,True,63481.54,0.00018,11.4266772,BTCUSDT
3987121409,63481.55,9e-05,6402590525,6402590525,2026-06-12 03:45:30.818,False,True,63481.55,9e-05,5.713339500000001,BTCUSDT
3987121410,63481.54,0.0058,6402590526,6402590535,2026-06-12 03:45:31.414,True,True,63481.54,0.0058,368.192932,BTCUSDT
3987121411,63481.54,0.0058,6402590536,6402590536,2026-06-12 03:45:31.448,True,True,63481.54,0.0058,368.192932,BTCUSDT
3987121412,63481.54,0.00497,6402590537,6402590537,2026-06-12 03:45:31.884,True,True,63481.54,0.00497,315.5032538,BTCUSDT
3987121413,63481.54,0.00575,6402590538,6402590538,2026-06-12 03:45:31.985,True,True,63481.54,0.00575,365.018855,BTCUSDT
3987121414,63481.55,0.00023,6402590539,6402590539,2026-06-12 03:45:32.305,False,True,63481.55,0.00023,14.600756500000001,BTCUSDT
3987121415,63481.55,0.00027,6402590540,6402590540,2026-06-12 03:45:32.893,False,True,63481.55,0.00027,17.1400185,BTCUSDT
3987121416,63481.54,9e-05,6402590541,6402590541,2026-06-12 03:45:32.939,True,True,63481.54,9e-05,5.7133386,BTCUSDT
3987121417,63481.54,0.0031,6402590542,6402590542,2026-06-12 03:45:33.585,True,True,63481.54,0.0031,196.792774,BTCUSDT
3987121418,63481.55,9e-05,6402590543,6402590543,2026-06-12 03:45:33.628,False,True,63481.55,9e-05,5.713339500000001,BTCUSDT
3987121419,63481.55,0.00011,6402590544,6402590544,2026-06-12 03:45:33.798,False,True,63481.55,0.00011,6.9829705,BTCUSDT
3987121420,63481.55,0.0058,6402590545,6402590552,2026-06-12 03:45:34.449,False,True,63481.55,0.0058,368.19299,BTCUSDT
3987121421,63481.55,0.00012,6402590553,6402590553,2026-06-12 03:45:34.700,False,True,63481.55,0.00012,7.617786000000001,BTCUSDT
3987121422,63481.55,0.00018,6402590554,6402590554,2026-06-12 03:45:35.187,False,True,63481.55,0.00018,11.426679000000002,BTCUSDT
3987121423,63481.54,0.0001,6402590555,6402590555,2026-06-12 03:45:35.331,True,True,63481.54,0.0001,6.348154,BTCUSDT
3987121424,63481.55,9e-05,6402590556,6402590556,2026-06-12 03:45:35.561,False,True,63481.55,9e-05,5.713339500000001,BTCUSDT
3987121425,63481.54,0.00048,6402590557,6402590557,2026-06-12 03:45:35.965,True,True,63481.54,0.00048,30.4711392,BTCUSDT
3987121426,63481.54,0.00475,6402590558,6402590558,2026-06-12 03:45:36.131,True,True,63481.54,0.00475,301.537315,BTCUSDT
3987121427,63481.54,0.01535,6402590559,6402590559,2026-06-12 03:45:36.170,True,True,63481.54,0.01535,974.441639,BTCUSDT
3987121428,63481.54,0.00702,6402590560,6402590585,2026-06-12 03:45:36.231,True,True,63481.54,0.00702,445.64041080000004,BTCUSDT
3987121429,63481.53,0.00137,6402590586,6402590600,2026-06-12 03:45:36.231,True,True,63481.53,0.00137,86.9696961,BTCUSDT
3987121430,63481.52,0.00016,6402590601,6402590601,2026-06-12 03:45:36.231,True,True,63481.52,0.00016,10.1570432,BTCUSDT
3987121431,63481.07,0.00614,6402590602,6402590604,2026-06-12 03:45:36.231,True,True,63481.07,0.00614,389.77376979999997,BTCUSDT
3987121432,63480.9,9e-05,6402590605,6402590605,2026-06-12 03:45:36.231,True,True,63480.9,9e-05,5.713281,BTCUSDT
3987121433,63478.0,0.00131,6402590606,6402590606,2026-06-12 03:45:36.231,True,True,63478.0,0.00131,83.15617999999999,BTCUSDT
3987121434,63477.99,0.00137,6402590607,6402590611,2026-06-12 03:45:36.231,True,True,63477.99,0.00137,86.96484629999999,BTCUSDT
3987121435,63477.98,0.00745,6402590612,6402590612,2026-06-12 03:45:36.231,True,True,63477.98,0.00745,472.910951,BTCUSDT
3987121436,63477.98,0.00492,6402590613,6402590617,2026-06-12 03:45:36.469,True,True,63477.98,0.00492,312.31166160000004,BTCUSDT
3987121437,63477.98,0.0001,6402590618,6402590619,2026-06-12 03:45:36.618,True,True,63477.98,0.0001,6.347798000000001,BTCUSDT
3987121438,63477.98,0.00112,6402590620,6402590631,2026-06-12 03:45:36.674,True,True,63477.98,0.00112,71.0953376,BTCUSDT
3987121439,63477.99,0.00098,6402590632,6402590632,2026-06-12 03:45:36.777,False,True,63477.99,0.00098,62.208430199999995,BTCUSDT
3987121440,63477.98,0.0003,6402590633,6402590635,2026-06-12 03:45:36.884,True,True,63477.98,0.0003,19.043394,BTCUSDT
3987121441,63477.98,0.03424,6402590636,6402590655,2026-06-12 03:45:37.166,True,True,63477.98,0.03424,2173.4860352,BTCUSDT
3987121442,63477.97,0.00079,6402590656,6402590663,2026-06-12 03:45:37.168,True,True,63477.97,0.00079,50.147596300000004,BTCUSDT
3987121443,63477.96,0.00016,6402590664,6402590664,2026-06-12 03:45:37.168,True,True,63477.96,0.00016,10.1564736,BTCUSDT
3987121444,63477.82,0.00485,6402590665,6402590673,2026-06-12 03:45:37.172,True,True,63477.82,0.00485,307.867427,BTCUSDT
3987121445,63477.81,0.00094,6402590674,6402590684,2026-06-12 03:45:37.172,True,True,63477.81,0.00094,59.669141399999994,BTCUSDT
3987121446,63477.8,0.0004,6402590685,6402590689,2026-06-12 03:45:37.172,True,True,63477.8,0.0004,25.39112,BTCUSDT
3987121447,63477.77,0.0004,6402590690,6402590694,2026-06-12 03:45:37.172,True,True,63477.77,0.0004,25.391108,BTCUSDT
3987121448,63477.71,0.0004,6402590695,6402590699,2026-06-12 03:45:37.172,True,True,63477.71,0.0004,25.391084,BTCUSDT
3987121449,63477.24,0.00016,6402590700,6402590701,2026-06-12 03:45:37.172,True,True,63477.24,0.00016,10.1563584,BTCUSDT
3987121450,63476.44,0.00097,6402590702,6402590711,2026-06-12 03:45:37.220,True,True,63476.44,0.00097,61.572146800000006,BTCUSDT
3987121451,63476.43,0.00142,6402590712,6402590727,2026-06-12 03:45:37.224,True,True,63476.43,0.00142,90.1365306,BTCUSDT
3987121452,63476.42,0.00081,6402590728,6402590736,2026-06-12 03:45:37.224,True,True,63476.42,0.00081,51.415900199999996,BTCUSDT
3987121453,63475.91,0.00016,6402590737,6402590738,2026-06-12 03:45:37.224,True,True,63475.91,0.00016,10.156145600000002,BTCUSDT
3987121454,63475.9,0.0004,6402590739,6402590743,2026-06-12 03:45:37.224,True,True,63475.9,0.0004,25.39036,BTCUSDT
3987121455,63475.6,0.00026,6402590744,6402590745,2026-06-12 03:45:37.224,True,True,63475.6,0.00026,16.503656,BTCUSDT
3987121456,63475.59,0.00016,6402590746,6402590747,2026-06-12 03:45:37.224,True,True,63475.59,0.00016,10.1560944,BTCUSDT
3987121457,63475.19,0.003,6402590748,6402590748,2026-06-12 03:45:37.224,True,True,63475.19,0.003,190.42557000000002,BTCUSDT
3987121458,63474.13,0.00045,6402590749,6402590752,2026-06-12 03:45:37.224,True,True,63474.13,0.00045,28.5633585,BTCUSDT
