trade_id,time_utc,side,price,size,notional_usd
235344124,2026-06-08T17:47:57.858429+00:00,buy,1.1671,100.099497,116.82612295
235344125,2026-06-08T17:47:58.677810+00:00,buy,1.167,100.099497,116.816113
235344132,2026-06-08T17:47:59.318577+00:00,buy,1.1669,100.099496,116.80610188
235344131,2026-06-08T17:47:59.318577+00:00,buy,1.1669,100.099497,116.80610305
235344130,2026-06-08T17:47:59.318577+00:00,buy,1.1669,100.099497,116.80610305
235344129,2026-06-08T17:47:59.318577+00:00,buy,1.1669,100.099497,116.80610305
235344128,2026-06-08T17:47:59.318577+00:00,buy,1.1669,100.099497,116.80610305
235344127,2026-06-08T17:47:59.318577+00:00,buy,1.1669,100.099497,116.80610305
235344126,2026-06-08T17:47:59.318577+00:00,buy,1.1669,100.099497,116.80610305
235344134,2026-06-08T17:47:59.455512+00:00,buy,1.1669,100.099497,116.80610305
235344133,2026-06-08T17:47:59.455512+00:00,buy,1.1669,0.000001,0.00000117
235344135,2026-06-08T17:47:59.686040+00:00,sell,1.1669,0.000011,0.00001284
235344137,2026-06-08T17:48:00.964437+00:00,buy,1.1668,49.900503,58.2239069
235344136,2026-06-08T17:48:00.964437+00:00,buy,1.1668,100.099497,116.7960931
235344138,2026-06-08T17:48:01.888287+00:00,sell,1.167,972,1134.324
235344139,2026-06-08T17:48:03.438893+00:00,buy,1.167,10.695004,12.48106967
235344140,2026-06-08T17:48:03.816826+00:00,sell,1.1671,1,1.1671
235344141,2026-06-08T17:48:06.043028+00:00,sell,1.1672,1,1.1672
235344142,2026-06-08T17:48:06.046558+00:00,sell,1.1673,1,1.1673
235344143,2026-06-08T17:48:09.044496+00:00,buy,1.1673,1.745568,2.03760153
235344144,2026-06-08T17:48:12.750964+00:00,sell,1.1674,0.000011,0.00001284
235344145,2026-06-08T17:48:13.063789+00:00,sell,1.1674,0.999514,1.16683264
235344147,2026-06-08T17:48:13.164829+00:00,sell,1.1675,0.247819,0.28932868
235344146,2026-06-08T17:48:13.164829+00:00,sell,1.1674,0.000475,0.00055452
235344148,2026-06-08T17:48:13.192493+00:00,sell,1.1675,0.008561,0.00999497
235344149,2026-06-08T17:48:16.017988+00:00,buy,1.1674,605.671207,707.06056705
235344151,2026-06-08T17:48:16.657164+00:00,sell,1.1675,4.344259,5.07192238
235344150,2026-06-08T17:48:16.657164+00:00,sell,1.1675,0.74362,0.86817635
235344152,2026-06-08T17:48:18.041202+00:00,sell,1.1675,4.163597,4.8609995
235344153,2026-06-08T17:48:19.036103+00:00,sell,1.1675,83.229251,97.17015054
235344154,2026-06-08T17:48:19.823351+00:00,sell,1.1675,20.809164,24.29469897
235344155,2026-06-08T17:48:20.691320+00:00,sell,1.1674,12.185352,14.22517992
235344156,2026-06-08T17:48:21.490750+00:00,sell,1.1674,0.000011,0.00001284
235344157,2026-06-08T17:48:21.816136+00:00,sell,1.1674,12.48105,14.57037777
235344158,2026-06-08T17:48:21.853355+00:00,sell,1.1674,8.478994,9.8983776
235344159,2026-06-08T17:48:21.953343+00:00,sell,1.1674,0.635974,0.74243605
235344160,2026-06-08T17:48:22.061195+00:00,sell,1.1674,124.843845,145.74270465
235344162,2026-06-08T17:48:22.504252+00:00,sell,1.1674,6.961189,8.12649204
235344161,2026-06-08T17:48:22.504252+00:00,sell,1.1674,13.84789,16.16602679
235344164,2026-06-08T17:48:24.647025+00:00,sell,1.1675,168.593148,196.83250029
235344163,2026-06-08T17:48:24.647025+00:00,sell,1.1675,1,1.1675
235344165,2026-06-08T17:48:24.682803+00:00,buy,1.1674,10.853179,12.67000116
235344166,2026-06-08T17:48:25.738236+00:00,sell,1.1675,13.396774,15.64073364
235344168,2026-06-08T17:48:28.892226+00:00,sell,1.1676,85.631987,99.98390802
235344167,2026-06-08T17:48:28.892226+00:00,sell,1.1676,1,1.1676
235344173,2026-06-08T17:48:28.892578+00:00,sell,1.1677,1713.218359,2000.5250778
235344172,2026-06-08T17:48:28.892578+00:00,sell,1.1677,8.566409,10.00299579
235344171,2026-06-08T17:48:28.892578+00:00,sell,1.1677,800,934.16
235344170,2026-06-08T17:48:28.892578+00:00,sell,1.1677,400,467.08
235344169,2026-06-08T17:48:28.892578+00:00,sell,1.1677,1,1.1677
235344175,2026-06-08T17:48:28.903710+00:00,sell,1.1678,99.099497,115.7283926
235344174,2026-06-08T17:48:28.903710+00:00,sell,1.1678,1,1.1678
235344178,2026-06-08T17:48:28.945381+00:00,sell,1.168,98.099497,114.5802125
235344177,2026-06-08T17:48:28.945381+00:00,sell,1.168,1,1.168
235344176,2026-06-08T17:48:28.945381+00:00,sell,1.1679,1,1.1679
235344180,2026-06-08T17:48:28.999674+00:00,buy,1.1679,100.099497,116.90620255
235344179,2026-06-08T17:48:28.999674+00:00,buy,1.1679,100.099497,116.90620255
235344182,2026-06-08T17:48:29.003384+00:00,sell,1.168,1.536066,1.79412509
235344181,2026-06-08T17:48:29.003384+00:00,sell,1.1679,98.563431,115.11223106
235344183,2026-06-08T17:48:29.015771+00:00,buy,1.1679,100.099497,116.90620255
235344184,2026-06-08T17:48:29.016471+00:00,sell,1.168,100.099497,116.9162125
235344187,2026-06-08T17:48:29.277206+00:00,buy,1.1679,172.473116,201.43135218
235344186,2026-06-08T17:48:29.277206+00:00,buy,1.1679,100.099497,116.90620255
235344185,2026-06-08T17:48:29.277206+00:00,buy,1.1679,100.099497,116.90620255
235344188,2026-06-08T17:48:29.284124+00:00,buy,1.1679,100.099497,116.90620255
235344189,2026-06-08T17:48:30.750831+00:00,sell,1.1681,1,1.1681
235344191,2026-06-08T17:48:30.815536+00:00,sell,1.1683,0.361856,0.42275636
235344190,2026-06-08T17:48:30.815536+00:00,sell,1.1682,1,1.1682
235344192,2026-06-08T17:48:34.784725+00:00,buy,1.1682,1102.027254,1287.38823812
235344194,2026-06-08T17:48:35.540495+00:00,sell,1.1682,535.012185,625.00123452
235344193,2026-06-08T17:48:35.540495+00:00,sell,1.1682,172.473116,201.48309411
235344199,2026-06-08T17:48:35.541252+00:00,sell,1.1683,6.580792,7.68833929
235344198,2026-06-08T17:48:35.541252+00:00,sell,1.1683,85.631987,100.04385041
235344197,2026-06-08T17:48:35.541252+00:00,sell,1.1683,921.113972,1076.13745349
235344196,2026-06-08T17:48:35.541252+00:00,sell,1.1683,774.482251,904.82761384
235344195,2026-06-08T17:48:35.541252+00:00,sell,1.1683,0.638144,0.74554364
235344204,2026-06-08T17:48:35.548908+00:00,sell,1.1684,4784.7,5590.44348
235344203,2026-06-08T17:48:35.548908+00:00,sell,1.1684,1172.196885,1369.59484043
235344202,2026-06-08T17:48:35.548908+00:00,sell,1.1684,535.00248,625.09689763
235344201,2026-06-08T17:48:35.548908+00:00,sell,1.1684,1712.045645,2000.35413162
235344200,2026-06-08T17:48:35.548908+00:00,sell,1.1684,1,1.1684
235344208,2026-06-08T17:48:35.566234+00:00,buy,1.1682,8.560177,9.99999877
235344207,2026-06-08T17:48:35.566234+00:00,buy,1.1682,2133.105945,2491.89436495
235344206,2026-06-08T17:48:35.566234+00:00,buy,1.1682,774.482251,904.75016562
235344205,2026-06-08T17:48:35.566234+00:00,buy,1.1682,172.473116,201.48309411
235344210,2026-06-08T17:48:35.662829+00:00,buy,1.168,224.999999,262.79999883
235344209,2026-06-08T17:48:35.662829+00:00,buy,1.168,1,1.168
235344211,2026-06-08T17:48:35.669129+00:00,buy,1.168,0.000001,0.00000117
235344212,2026-06-08T17:48:36.412097+00:00,buy,1.1679,1,1.1679
235344214,2026-06-08T17:48:36.630205+00:00,buy,1.1677,15.944944,18.61891111
235344213,2026-06-08T17:48:36.630205+00:00,buy,1.1678,1,1.1678
235344215,2026-06-08T17:48:37.055702+00:00,sell,1.1676,0.000011,0.00001284
235344216,2026-06-08T17:48:37.415178+00:00,buy,1.1675,259.373395,302.81843866
235344218,2026-06-08T17:48:38.890233+00:00,sell,1.1676,7.143596,8.34086269
235344217,2026-06-08T17:48:38.890233+00:00,sell,1.1676,86.236547,100.68979228
235344219,2026-06-08T17:48:41.697666+00:00,sell,1.1676,20.762712,24.24254253
235344220,2026-06-08T17:48:44.046795+00:00,buy,1.1675,3971.889988,4637.18156099
235344221,2026-06-08T17:48:44.050406+00:00,buy,1.1674,1,1.1674
235344222,2026-06-08T17:48:44.164651+00:00,buy,1.1673,1,1.1673
235344223,2026-06-08T17:48:44.177910+00:00,buy,1.1672,1,1.1672
235344225,2026-06-08T17:48:44.213278+00:00,buy,1.1671,1119.671235,1306.76829837
235344224,2026-06-08T17:48:44.213278+00:00,buy,1.1671,1,1.1671
235344227,2026-06-08T17:48:45.685102+00:00,buy,1.1669,1,1.1669
235344226,2026-06-08T17:48:45.685102+00:00,buy,1.167,1,1.167
235344228,2026-06-08T17:48:46.914390+00:00,sell,1.1669,4.748511,5.54103749
235344229,2026-06-08T17:48:51.296334+00:00,buy,1.1668,1,1.1668
235344230,2026-06-08T17:48:52.809523+00:00,buy,1.1668,23.635273,27.57763654
235344231,2026-06-08T17:48:53.138706+00:00,sell,1.1669,8.2705,9.65084645
235344232,2026-06-08T17:48:54.809172+00:00,buy,1.1669,21.524625,25.11708491
235344233,2026-06-08T17:48:56.267791+00:00,buy,1.1669,33.757746,39.39191381
235344237,2026-06-08T17:48:58.231078+00:00,buy,1.1668,264.926677,309.11644672
235344236,2026-06-08T17:48:58.231078+00:00,buy,1.1669,1022.609218,1193.28269648
235344235,2026-06-08T17:48:58.231078+00:00,buy,1.1669,86.236558,100.62943953
235344234,2026-06-08T17:48:58.231078+00:00,buy,1.1669,958.761662,1118.77898339
235344238,2026-06-08T17:48:58.556901+00:00,sell,1.167,21.208226,24.74999974
235344239,2026-06-08T17:48:58.951266+00:00,buy,1.1669,2.618895,3.05598858
235344240,2026-06-08T17:49:00.972033+00:00,sell,1.1669,169.658972,197.97505443
235344242,2026-06-08T17:49:01.566131+00:00,sell,1.1669,82.018761,95.70769221
235344241,2026-06-08T17:49:01.566131+00:00,sell,1.1669,2.814144,3.28382463
235344243,2026-06-08T17:49:02.143132+00:00,sell,1.1671,0.000011,0.00001284
235344245,2026-06-08T17:49:04.857763+00:00,sell,1.1671,1714.000181,2000.40961125
235344244,2026-06-08T17:49:04.857763+00:00,sell,1.1671,0.999989,1.16708716
235344247,2026-06-08T17:49:06.150326+00:00,sell,1.1672,541.800534,632.38958328
235344246,2026-06-08T17:49:06.150326+00:00,sell,1.1672,1,1.1672
235344248,2026-06-08T17:49:06.153506+00:00,sell,1.1672,1171.918177,1367.86289619
235344249,2026-06-08T17:49:07.493248+00:00,sell,1.1673,1,1.1673
235344250,2026-06-08T17:49:07.805674+00:00,sell,1.1674,1,1.1674
235344251,2026-06-08T17:49:08.027423+00:00,sell,1.1675,1,1.1675
235344252,2026-06-08T17:49:08.043222+00:00,sell,1.1676,1,1.1676
235344253,2026-06-08T17:49:08.063258+00:00,sell,1.1677,1,1.1677
235344255,2026-06-08T17:49:08.131831+00:00,sell,1.1679,3.241047,3.78521879
235344254,2026-06-08T17:49:08.131831+00:00,sell,1.1678,1,1.1678
235344257,2026-06-08T17:49:08.802524+00:00,buy,1.1678,748.229771,873.78272657
235344256,2026-06-08T17:49:08.802524+00:00,buy,1.1678,23.17676,27.06582033
235344258,2026-06-08T17:49:08.828374+00:00,sell,1.1679,0.000011,0.00001285
235344259,2026-06-08T17:49:10.304960+00:00,sell,1.1679,0.999989,1.16788715
235344260,2026-06-08T17:49:10.438218+00:00,sell,1.168,1,1.168
235344262,2026-06-08T17:49:12.889070+00:00,buy,1.168,3.760243,4.39196382
235344261,2026-06-08T17:49:12.889070+00:00,buy,1.168,85.670651,100.06332037
235344263,2026-06-08T17:49:13.376391+00:00,sell,1.1681,1,1.1681
235344264,2026-06-08T17:49:15.565913+00:00,sell,1.1682,1,1.1682
235344268,2026-06-08T17:49:15.649362+00:00,sell,1.1685,413.181839,482.80297887
235344267,2026-06-08T17:49:15.649362+00:00,sell,1.1685,1,1.1685
235344266,2026-06-08T17:49:15.649362+00:00,sell,1.1684,1,1.1684
235344265,2026-06-08T17:49:15.649362+00:00,sell,1.1683,1,1.1683
235344269,2026-06-08T17:49:18.516215+00:00,sell,1.1684,1000,1168.4
235344274,2026-06-08T17:49:18.719372+00:00,sell,1.1685,1712.307392,2000.83118755
235344273,2026-06-08T17:49:18.719372+00:00,sell,1.1685,513.738005,600.30285884
235344272,2026-06-08T17:49:18.719372+00:00,sell,1.1685,85.670651,100.10615569
235344271,2026-06-08T17:49:18.719372+00:00,sell,1.1685,128.990648,150.72557219
235344270,2026-06-08T17:49:18.719372+00:00,sell,1.1685,974.318161,1138.49077113
235344276,2026-06-08T17:49:20.417934+00:00,sell,1.1686,99,115.6914
235344275,2026-06-08T17:49:20.417934+00:00,sell,1.1686,1,1.1686
235344279,2026-06-08T17:49:20.712185+00:00,buy,1.1683,284.248583,332.08761952
235344278,2026-06-08T17:49:20.712185+00:00,buy,1.1683,1,1.1683
235344277,2026-06-08T17:49:20.712185+00:00,buy,1.1684,168.712873,197.12412081
235344280,2026-06-08T17:49:21.364804+00:00,sell,1.1684,4.024735,4.70250037
235344282,2026-06-08T17:49:21.694859+00:00,sell,1.1684,229.847975,268.55437399
235344281,2026-06-08T17:49:21.694859+00:00,sell,1.1684,19.152025,22.37722601
235344283,2026-06-08T17:49:21.717150+00:00,sell,1.1684,2.118536,2.47529746
235344285,2026-06-08T17:49:22.138198+00:00,sell,1.1684,659.248897,770.26641125
235344284,2026-06-08T17:49:22.138198+00:00,sell,1.1684,172.473116,201.51758873
235344286,2026-06-08T17:49:22.557155+00:00,sell,1.1684,0.000011,0.00001285
235344287,2026-06-08T17:49:23.440229+00:00,buy,1.1683,1913.193126,2235.18352911
235344288,2026-06-08T17:49:23.444791+00:00,buy,1.1683,2030.924292,2372.72885034
235344289,2026-06-08T17:49:25.940755+00:00,sell,1.1682,40.582798,47.40882462
235344290,2026-06-08T17:49:26.255607+00:00,sell,1.1682,0.000011,0.00001285
235344291,2026-06-08T17:49:26.378067+00:00,sell,1.1682,0.208651,0.2437461
235344299,2026-06-08T17:49:30.047803+00:00,buy,1.1681,2681.249006,3131.96696391
235344298,2026-06-08T17:49:30.047803+00:00,buy,1.1681,1,1.1681
235344297,2026-06-08T17:49:30.047803+00:00,buy,1.1682,2328.40509,2720.04282614
235344296,2026-06-08T17:49:30.047803+00:00,buy,1.1682,774.482251,904.75016562
235344295,2026-06-08T17:49:30.047803+00:00,buy,1.1682,4784.7,5589.48654
235344294,2026-06-08T17:49:30.047803+00:00,buy,1.1682,1044.070267,1219.68288591
235344293,2026-06-08T17:49:30.047803+00:00,buy,1.1682,172.473116,201.48309411
235344292,2026-06-08T17:49:30.047803+00:00,buy,1.1682,1083.744385,1266.03019056
235344300,2026-06-08T17:49:30.973450+00:00,sell,1.1683,100,116.83
235344304,2026-06-08T17:49:33.068084+00:00,sell,1.1686,1.236563,1.44504752
235344303,2026-06-08T17:49:33.068084+00:00,sell,1.1686,1,1.1686
235344302,2026-06-08T17:49:33.068084+00:00,sell,1.1685,1,1.1685
235344301,2026-06-08T17:49:33.068084+00:00,sell,1.1684,1,1.1684
235344305,2026-06-08T17:49:33.122308+00:00,sell,1.1686,54.341015,63.50291013
235344306,2026-06-08T17:49:33.256799+00:00,sell,1.1686,63.870581,74.63916096
235344307,2026-06-08T17:49:33.481758+00:00,sell,1.1686,0.000011,0.00001285
235344309,2026-06-08T17:49:33.581335+00:00,buy,1.1685,31.390235,36.6794896
235344308,2026-06-08T17:49:33.581335+00:00,buy,1.1685,23.17676,27.08204406
235344310,2026-06-08T17:49:35.419271+00:00,sell,1.1685,4.236817,4.95072066
235344311,2026-06-08T17:49:35.967454+00:00,sell,1.1685,4.024735,4.70290285
235344313,2026-06-08T17:49:36.111388+00:00,sell,1.1686,2895.620367,3383.82196088
235344312,2026-06-08T17:49:36.111388+00:00,sell,1.1685,95.601799,111.71070213
235344314,2026-06-08T17:49:40.936307+00:00,sell,1.1686,0.000011,0.00001285
235344315,2026-06-08T17:49:41.310191+00:00,buy,1.1685,172.473116,201.53483605
235344317,2026-06-08T17:49:43.724430+00:00,buy,1.1684,85.428205,99.81431472
235344316,2026-06-08T17:49:43.724430+00:00,buy,1.1684,1,1.1684
235344318,2026-06-08T17:49:47.331333+00:00,sell,1.1685,25,29.2125
235344319,2026-06-08T17:49:48.199823+00:00,sell,1.1685,0.000011,0.00001285
235344320,2026-06-08T17:49:50.704765+00:00,buy,1.1686,0.977,1.1417222
235344321,2026-06-08T17:49:50.852496+00:00,buy,1.1685,1.869,2.1839265
235344324,2026-06-08T17:49:51.203719+00:00,buy,1.1684,20.229,23.6355636
235344323,2026-06-08T17:49:51.203719+00:00,buy,1.1684,1,1.1684
235344322,2026-06-08T17:49:51.203719+00:00,buy,1.1684,6.755,7.892542
235344326,2026-06-08T17:49:52.257314+00:00,buy,1.1683,22.846,26.6909818
235344325,2026-06-08T17:49:52.257314+00:00,buy,1.1683,1,1.1683
235344327,2026-06-08T17:49:53.150299+00:00,buy,1.1682,1,1.1682
235344328,2026-06-08T17:49:54.119802+00:00,sell,1.1682,31.670321,36.99726899
235344329,2026-06-08T17:49:55.543381+00:00,sell,1.1682,0.000011,0.00001285
235344331,2026-06-08T17:49:56.042175+00:00,buy,1.1681,11.96756,13.97930684
235344330,2026-06-08T17:49:56.042175+00:00,buy,1.1681,1,1.1681
235344332,2026-06-08T17:49:56.139677+00:00,sell,1.1682,83.150851,97.13682414
235344333,2026-06-08T17:49:57.491392+00:00,sell,1.1683,1712.377121,2000.57019046
235344334,2026-06-08T17:49:57.575990+00:00,sell,1.1684,1,1.1684
235344335,2026-06-08T17:49:57.626751+00:00,sell,1.1685,1,1.1685
235344336,2026-06-08T17:49:57.760861+00:00,sell,1.1686,1,1.1686
235344338,2026-06-08T17:49:58.591759+00:00,sell,1.1687,99.635313,116.4437903
235344337,2026-06-08T17:49:58.591759+00:00,sell,1.1687,1,1.1687
235344340,2026-06-08T17:49:59.208486+00:00,buy,1.1686,562.960432,657.87556084
235344339,2026-06-08T17:49:59.208486+00:00,buy,1.1686,85.582688,100.0119292
235344341,2026-06-08T17:49:59.911234+00:00,sell,1.1687,1056.358507,1234.56618713
235344342,2026-06-08T17:50:01.316071+00:00,buy,1.1687,172.030126,201.05160826
235344345,2026-06-08T17:50:02.180296+00:00,sell,1.1688,172.473105,201.58656512
235344344,2026-06-08T17:50:02.180296+00:00,sell,1.1688,1,1.1688
235344343,2026-06-08T17:50:02.180296+00:00,sell,1.1688,3.40751,3.98269769
235344348,2026-06-08T17:50:02.421383+00:00,sell,1.169,40.264585,47.06929986
235344347,2026-06-08T17:50:02.421383+00:00,sell,1.169,1,1.169
235344346,2026-06-08T17:50:02.421383+00:00,sell,1.1689,1,1.1689
235344349,2026-06-08T17:50:03.367897+00:00,sell,1.169,9233.222571,10793.6371855
235344350,2026-06-08T17:50:03.522787+00:00,sell,1.169,1.283203,1.50006431
235344351,2026-06-08T17:50:03.522911+00:00,sell,1.169,1.283203,1.50006431
235344352,2026-06-08T17:50:03.522928+00:00,sell,1.169,1.283203,1.50006431
235344353,2026-06-08T17:50:03.563755+00:00,sell,1.169,722.663235,844.79332172
235344354,2026-06-08T17:50:05.171770+00:00,sell,1.1691,1,1.1691
235344370,2026-06-08T17:50:05.251494+00:00,sell,1.1696,120.928515,141.43799114
235344369,2026-06-08T17:50:05.251494+00:00,sell,1.1696,1,1.1696
235344368,2026-06-08T17:50:05.251494+00:00,sell,1.1695,232.369125,271.75569169
235344367,2026-06-08T17:50:05.251494+00:00,sell,1.1695,556.122259,650.3849819
235344366,2026-06-08T17:50:05.251494+00:00,sell,1.1695,500,584.75
235344365,2026-06-08T17:50:05.251494+00:00,sell,1.1695,344.931661,403.39757754
235344364,2026-06-08T17:50:05.251494+00:00,sell,1.1695,1.8,2.1051
235344363,2026-06-08T17:50:05.251494+00:00,sell,1.1695,1,1.1695
235344362,2026-06-08T17:50:05.251494+00:00,sell,1.1695,1387.5,1622.68125
235344361,2026-06-08T17:50:05.251494+00:00,sell,1.1694,559.951051,654.80675904
235344360,2026-06-08T17:50:05.251494+00:00,sell,1.1694,774.482251,905.67954432
235344359,2026-06-08T17:50:05.251494+00:00,sell,1.1694,1,1.1694
235344358,2026-06-08T17:50:05.251494+00:00,sell,1.1693,5.102161,5.96595686
235344357,2026-06-08T17:50:05.251494+00:00,sell,1.1693,1,1.1693
235344356,2026-06-08T17:50:05.251494+00:00,sell,1.1692,500,584.6
235344355,2026-06-08T17:50:05.251494+00:00,sell,1.1692,1,1.1692
235344371,2026-06-08T17:50:08.096660+00:00,buy,1.1695,86.236557,100.85365341
235344372,2026-06-08T17:50:09.708332+00:00,buy,1.1694,14.767,17.2685298
235344375,2026-06-08T17:50:11.634121+00:00,buy,1.1692,86.236559,100.82778478
235344374,2026-06-08T17:50:11.634121+00:00,buy,1.1692,12.657,14.7985644
235344373,2026-06-08T17:50:11.634121+00:00,buy,1.1692,1,1.1692
235344376,2026-06-08T17:50:12.370052+00:00,sell,1.1692,93.979304,109.88060224
235344378,2026-06-08T17:50:12.760371+00:00,buy,1.1691,8.806999,10.29626253
235344377,2026-06-08T17:50:12.760371+00:00,buy,1.1691,1,1.1691
235344379,2026-06-08T17:50:12.762624+00:00,buy,1.1691,0.000001,0.00000117
235344380,2026-06-08T17:50:12.818953+00:00,buy,1.169,1,1.169
235344381,2026-06-08T17:50:13.094818+00:00,sell,1.169,0.000011,0.00001286
235344383,2026-06-08T17:50:14.279009+00:00,buy,1.1689,6.292,7.3547188
235344382,2026-06-08T17:50:14.279009+00:00,buy,1.1689,1,1.1689
235344385,2026-06-08T17:50:15.025430+00:00,buy,1.1686,4.183474,4.88880772
235344384,2026-06-08T17:50:15.025430+00:00,buy,1.1687,1,1.1687
235344387,2026-06-08T17:50:16.205389+00:00,sell,1.1688,17.737357,20.73142286
235344386,2026-06-08T17:50:16.205389+00:00,sell,1.1688,86.236547,100.79327613
235344388,2026-06-08T17:50:19.641176+00:00,sell,1.1689,0.000011,0.00001286
235344389,2026-06-08T17:50:19.844027+00:00,sell,1.1689,473.922233,553.96769815
235344390,2026-06-08T17:50:20.727445+00:00,sell,1.169,0.635267,0.74262712
235344391,2026-06-08T17:50:21.103370+00:00,sell,1.169,0.364733,0.42637288
235344392,2026-06-08T17:50:23.119982+00:00,sell,1.169,41.571869,48.59751486
235344393,2026-06-08T17:50:25.729477+00:00,sell,1.169,8.25847,9.65415143
235344394,2026-06-08T17:50:26.800770+00:00,sell,1.1689,0.000011,0.00001286
235344395,2026-06-08T17:50:27.061305+00:00,buy,1.1688,1,1.1688
235344446,2026-06-08T17:50:27.374772+00:00,buy,1.1679,7572.597357,8844.03645324
235344445,2026-06-08T17:50:27.374772+00:00,buy,1.1679,1242.08551,1450.63166713
235344444,2026-06-08T17:50:27.374772+00:00,buy,1.1679,4281.084385,4999.87845324
235344443,2026-06-08T17:50:27.374772+00:00,buy,1.1679,3888.4106,4541.27473974
235344442,2026-06-08T17:50:27.374772+00:00,buy,1.1679,10663.702734,12454.13842304
235344441,2026-06-08T17:50:27.374772+00:00,buy,1.1679,774.482251,904.51782094
235344440,2026-06-08T17:50:27.374772+00:00,buy,1.1679,8.562376,9.99999893
235344439,2026-06-08T17:50:27.374772+00:00,buy,1.1679,1387.5,1620.46125
235344438,2026-06-08T17:50:27.374772+00:00,buy,1.1679,215.954736,252.21353617
235344437,2026-06-08T17:50:27.374772+00:00,buy,1.1679,1,1.1679
235344436,2026-06-08T17:50:27.374772+00:00,buy,1.168,3888.4106,4541.6635808
235344435,2026-06-08T17:50:27.374772+00:00,buy,1.168,10000,11680
235344434,2026-06-08T17:50:27.374772+00:00,buy,1.168,2247.584437,2625.17862242
235344433,2026-06-08T17:50:27.374772+00:00,buy,1.168,2410.854064,2815.87754675
235344432,2026-06-08T17:50:27.374772+00:00,buy,1.168,774.482251,904.59526917
235344431,2026-06-08T17:50:27.374772+00:00,buy,1.168,100,116.8
235344430,2026-06-08T17:50:27.374772+00:00,buy,1.168,155.817163,181.99444638
235344429,2026-06-08T17:50:27.374772+00:00,buy,1.168,344.931661,402.88018005
235344428,2026-06-08T17:50:27.374772+00:00,buy,1.168,1,1.168
235344427,2026-06-08T17:50:27.374772+00:00,buy,1.1681,3888.4106,4542.05242186
235344426,2026-06-08T17:50:27.374772+00:00,buy,1.1681,200,233.62
235344425,2026-06-08T17:50:27.374772+00:00,buy,1.1681,232.369125,271.43037491
235344424,2026-06-08T17:50:27.374772+00:00,buy,1.1681,4892.944247,5715.44817492
235344423,2026-06-08T17:50:27.374772+00:00,buy,1.1681,2557.244038,2987.11676079
235344422,2026-06-08T17:50:27.374772+00:00,buy,1.1681,774.482251,904.67271739
235344421,2026-06-08T17:50:27.374772+00:00,buy,1.1681,1387.5,1620.73875
235344420,2026-06-08T17:50:27.374772+00:00,buy,1.1681,1,1.1681
235344419,2026-06-08T17:50:27.374772+00:00,buy,1.1682,215.954736,252.2783226
235344418,2026-06-08T17:50:27.374772+00:00,buy,1.1682,344.931661,402.94916638
235344417,2026-06-08T17:50:27.374772+00:00,buy,1.1682,86.236558,100.74154706
235344416,2026-06-08T17:50:27.374772+00:00,buy,1.1682,500,584.1
235344415,2026-06-08T17:50:27.374772+00:00,buy,1.1682,1,1.1682
235344414,2026-06-08T17:50:27.374772+00:00,buy,1.1682,156.939835,183.33711525
235344413,2026-06-08T17:50:27.374772+00:00,buy,1.1682,774.482251,904.75016562
235344412,2026-06-08T17:50:27.374772+00:00,buy,1.1682,1.8,2.10276
235344411,2026-06-08T17:50:27.374772+00:00,buy,1.1682,100,116.82
235344410,2026-06-08T17:50:27.374772+00:00,buy,1.1683,453.564681,529.89961681
235344409,2026-06-08T17:50:27.374772+00:00,buy,1.1683,1,1.1683
235344408,2026-06-08T17:50:27.374772+00:00,buy,1.1684,225,262.89
235344407,2026-06-08T17:50:27.374772+00:00,buy,1.1684,410.6,479.74504
235344406,2026-06-08T17:50:27.374772+00:00,buy,1.1684,1387.5,1621.155
235344405,2026-06-08T17:50:27.374772+00:00,buy,1.1684,100,116.84
235344404,2026-06-08T17:50:27.374772+00:00,buy,1.1684,1,1.1684
235344403,2026-06-08T17:50:27.374772+00:00,buy,1.1685,344.931661,403.05264588
235344402,2026-06-08T17:50:27.374772+00:00,buy,1.1685,85.582688,100.00337093
235344401,2026-06-08T17:50:27.374772+00:00,buy,1.1685,8.557979,9.99999846
235344400,2026-06-08T17:50:27.374772+00:00,buy,1.1685,466.188621,544.74140364
235344399,2026-06-08T17:50:27.374772+00:00,buy,1.1685,774.482251,904.98251029
235344398,2026-06-08T17:50:27.374772+00:00,buy,1.1685,1,1.1685
235344397,2026-06-08T17:50:27.374772+00:00,buy,1.1686,1,1.1686
235344396,2026-06-08T17:50:27.374772+00:00,buy,1.1687,1,1.1687
235344449,2026-06-08T17:50:27.385312+00:00,buy,1.1685,1,1.1685
235344448,2026-06-08T17:50:27.385312+00:00,buy,1.1685,8.557979,9.99999846
235344447,2026-06-08T17:50:27.385312+00:00,buy,1.1685,344.931661,403.05264588
235344450,2026-06-08T17:50:28.268510+00:00,sell,1.1685,172.473116,201.53483605
235344452,2026-06-08T17:50:31.879173+00:00,buy,1.1686,12.108,14.1494088
235344451,2026-06-08T17:50:31.879173+00:00,buy,1.1686,30.443,35.5756898
235344454,2026-06-08T17:50:33.864997+00:00,buy,1.1685,85.88651,100.35838694
235344453,2026-06-08T17:50:33.864997+00:00,buy,1.1685,1,1.1685
235344455,2026-06-08T17:50:33.933800+00:00,buy,1.1685,86.586606,101.17644911
235344456,2026-06-08T17:50:34.363893+00:00,buy,1.1684,1,1.1684
235344457,2026-06-08T17:50:34.426000+00:00,buy,1.1683,1,1.1683
235344458,2026-06-08T17:50:34.631682+00:00,sell,1.1682,0.000011,0.00001285
235344459,2026-06-08T17:50:36.162650+00:00,buy,1.1685,100.565764,117.51109523
235344460,2026-06-08T17:50:37.814420+00:00,buy,1.1685,23.133,27.0309105
235344461,2026-06-08T17:50:39.369184+00:00,sell,1.1684,258,301.4472
235344462,2026-06-08T17:50:47.266134+00:00,sell,1.1686,0.000011,0.00001285
235344463,2026-06-08T17:50:47.634046+00:00,sell,1.1686,0.999989,1.16858715
235344464,2026-06-08T17:50:47.911689+00:00,sell,1.1687,1,1.1687
235344468,2026-06-08T17:50:48.901159+00:00,sell,1.169,70.184596,82.04579272
235344467,2026-06-08T17:50:48.901159+00:00,sell,1.169,1,1.169
235344466,2026-06-08T17:50:48.901159+00:00,sell,1.1689,1,1.1689
235344465,2026-06-08T17:50:48.901159+00:00,sell,1.1688,1,1.1688
235344469,2026-06-08T17:50:49.668680+00:00,sell,1.1689,16.233119,18.9748928
235344470,2026-06-08T17:50:49.816587+00:00,buy,1.1687,0.9,1.05183
235344471,2026-06-08T17:50:52.697853+00:00,sell,1.169,1,1.169
235344472,2026-06-08T17:50:52.700917+00:00,sell,1.1691,1,1.1691
235344473,2026-06-08T17:50:52.818089+00:00,sell,1.1692,1,1.1692
235344475,2026-06-08T17:50:52.829778+00:00,sell,1.1693,8.556142,10.00469684
235344474,2026-06-08T17:50:52.829778+00:00,sell,1.1693,1,1.1693
235344476,2026-06-08T17:50:52.905940+00:00,sell,1.1694,1,1.1694
235344477,2026-06-08T17:50:53.609486+00:00,sell,1.1695,1,1.1695
235344478,2026-06-08T17:50:54.198085+00:00,sell,1.1696,0.000011,0.00001287
235344479,2026-06-08T17:50:56.591161+00:00,buy,1.1695,21.44932,25.08497974
235344480,2026-06-08T17:50:57.728246+00:00,buy,1.1695,18.580999,21.73047833
235344481,2026-06-08T17:50:57.733366+00:00,buy,1.1695,0.000001,0.00000117
235344482,2026-06-08T17:50:57.954247+00:00,sell,1.1694,0.000011,0.00001286
235344484,2026-06-08T17:50:58.210327+00:00,buy,1.1693,8.552125,9.99999976
235344483,2026-06-08T17:50:58.210327+00:00,buy,1.1693,1,1.1693
235344485,2026-06-08T17:50:59.128575+00:00,buy,1.1692,30.226593,35.34093254
235344487,2026-06-08T17:51:00.146807+00:00,buy,1.1692,14.618,17.0913656
235344486,2026-06-08T17:51:00.146807+00:00,buy,1.1692,1,1.1692
235344488,2026-06-08T17:51:00.552224+00:00,buy,1.1691,0.008553,0.00999931
235344489,2026-06-08T17:51:04.597907+00:00,buy,1.1691,10.445,12.2112495
235344490,2026-06-08T17:51:04.716480+00:00,sell,1.1692,0.000011,0.00001286
235344491,2026-06-08T17:51:05.588412+00:00,sell,1.1693,50,58.465
235344492,2026-06-08T17:51:08.574825+00:00,sell,1.1694,0.041388,0.04839913
235344497,2026-06-08T17:51:09.990708+00:00,sell,1.1696,71.722745,83.88692255
235344496,2026-06-08T17:51:09.990708+00:00,sell,1.1696,8.552489,10.00299113
235344495,2026-06-08T17:51:09.990708+00:00,sell,1.1696,0.999989,1.16958713
235344494,2026-06-08T17:51:09.990708+00:00,sell,1.1695,1,1.1695
235344493,2026-06-08T17:51:09.990708+00:00,sell,1.1694,0.958612,1.12100087
235344498,2026-06-08T17:51:12.704941+00:00,buy,1.1696,68.701358,80.35310832
235344499,2026-06-08T17:51:13.436480+00:00,buy,1.1695,25.694,30.049133
235344501,2026-06-08T17:51:14.370503+00:00,buy,1.1694,66.233141,77.45303509
235344500,2026-06-08T17:51:14.370503+00:00,buy,1.1694,1,1.1694
235344502,2026-06-08T17:51:14.931889+00:00,buy,1.1693,18.204,21.2859372
235344504,2026-06-08T17:51:15.698196+00:00,buy,1.1692,12.625,14.76115
235344503,2026-06-08T17:51:15.698196+00:00,buy,1.1692,1,1.1692
235344505,2026-06-08T17:51:17.795589+00:00,buy,1.1692,172.752843,201.98262404
235344506,2026-06-08T17:51:18.975301+00:00,sell,1.1694,0.000011,0.00001286
235344507,2026-06-08T17:51:19.693422+00:00,sell,1.1694,0.999989,1.16938714
235344508,2026-06-08T17:51:21.804170+00:00,buy,1.1694,11.765,13.757991
235344509,2026-06-08T17:51:22.188807+00:00,sell,1.1694,5.959979,6.96959944
235344512,2026-06-08T17:51:22.793168+00:00,buy,1.1693,156.054731,182.47479696
235344511,2026-06-08T17:51:22.793168+00:00,buy,1.1693,7.346,8.5896778
235344510,2026-06-08T17:51:22.793168+00:00,buy,1.1693,0.867,1.0137831
235344513,2026-06-08T17:51:23.211441+00:00,sell,1.1694,16.222013,18.970022
235344514,2026-06-08T17:51:23.534285+00:00,sell,1.1694,4.021293,4.70250003
235344518,2026-06-08T17:51:24.190563+00:00,buy,1.1691,1595.247006,1865.00327471
235344517,2026-06-08T17:51:24.190563+00:00,buy,1.1691,1,1.1691
235344516,2026-06-08T17:51:24.190563+00:00,buy,1.1692,1,1.1692
235344515,2026-06-08T17:51:24.190563+00:00,buy,1.1693,7.626,8.9170818
235344519,2026-06-08T17:51:24.823793+00:00,sell,1.1691,124.641042,145.7178422
235344520,2026-06-08T17:51:25.544397+00:00,sell,1.1691,20.773578,24.28639004
235344521,2026-06-08T17:51:25.646788+00:00,sell,1.1691,6.81519,7.96763863
235344522,2026-06-08T17:51:26.415930+00:00,sell,1.1695,0.000011,0.00001286
235344524,2026-06-08T17:51:27.192590+00:00,buy,1.1693,68.090436,79.61814681
235344523,2026-06-08T17:51:27.192590+00:00,buy,1.1694,7.081,8.2805214
235344525,2026-06-08T17:51:29.107324+00:00,sell,1.1694,21.16289,24.74788357
235344526,2026-06-08T17:51:29.224939+00:00,sell,1.1694,20.773493,24.29252271
235344527,2026-06-08T17:51:29.240465+00:00,buy,1.1693,44.349417,51.8577733
235344528,2026-06-08T17:51:33.878455+00:00,sell,1.1694,0.000011,0.00001286
235344529,2026-06-08T17:51:34.947771+00:00,sell,1.1694,40.548097,47.41694463
235344530,2026-06-08T17:51:35.780026+00:00,sell,1.1694,0.393206,0.4598151
235344531,2026-06-08T17:51:35.807923+00:00,sell,1.1694,0.008547,0.00999486
235344532,2026-06-08T17:51:40.516648+00:00,sell,1.1693,0.000011,0.00001286
235344535,2026-06-08T17:51:41.759913+00:00,buy,1.1692,12.037244,14.07394568
235344534,2026-06-08T17:51:41.759913+00:00,buy,1.1692,0.978,1.1434776
235344533,2026-06-08T17:51:41.759913+00:00,buy,1.1692,6.576,7.6886592
235344537,2026-06-08T17:51:43.011931+00:00,sell,1.1693,887.562353,1037.82665936
235344536,2026-06-08T17:51:43.011931+00:00,sell,1.1693,774.482251,905.60209609
235344539,2026-06-08T17:51:43.097381+00:00,sell,1.1694,63.468969,74.22061235
235344538,2026-06-08T17:51:43.097381+00:00,sell,1.1694,29.553609,34.55999036
235344542,2026-06-08T17:51:45.274159+00:00,sell,1.1695,85.49508,99.98649606
235344541,2026-06-08T17:51:45.274159+00:00,sell,1.1695,0.999989,1.16948714
235344540,2026-06-08T17:51:45.274159+00:00,sell,1.1694,1,1.1694
235344545,2026-06-08T17:51:45.291034+00:00,sell,1.1697,774.482251,905.91188899
235344544,2026-06-08T17:51:45.291034+00:00,sell,1.1697,1,1.1697
235344543,2026-06-08T17:51:45.291034+00:00,sell,1.1696,1,1.1696
235344546,2026-06-08T17:51:46.117781+00:00,buy,1.1697,160.435871,187.66183831
235344547,2026-06-08T17:51:46.121599+00:00,buy,1.1697,0.000001,0.00000117
235344549,2026-06-08T17:51:48.734307+00:00,sell,1.1699,0.9992,1.16896408
235344548,2026-06-08T17:51:48.734307+00:00,sell,1.1698,1,1.1698
235344551,2026-06-08T17:51:48.834250+00:00,sell,1.1699,0.23844,0.27895096
235344550,2026-06-08T17:51:48.834250+00:00,sell,1.1699,0.0008,0.00093592
235344552,2026-06-08T17:51:48.862195+00:00,sell,1.1699,0.008544,0.00999563
235344553,2026-06-08T17:51:49.328111+00:00,sell,1.1697,44.606721,52.17648155
235344554,2026-06-08T17:51:51.509152+00:00,sell,1.1697,0.000011,0.00001287
235344555,2026-06-08T17:51:51.795104+00:00,buy,1.1696,23.17676,27.1075385
235344556,2026-06-08T17:51:53.250258+00:00,sell,1.1698,1,1.1698
235344558,2026-06-08T17:51:53.286293+00:00,sell,1.1699,172.226132,201.48735183
235344557,2026-06-08T17:51:53.286293+00:00,sell,1.1699,1,1.1699
235344559,2026-06-08T17:51:56.695517+00:00,sell,1.17,1,1.17
235344560,2026-06-08T17:51:57.852177+00:00,sell,1.1701,0.000011,0.00001287
235344561,2026-06-08T17:51:58.994651+00:00,sell,1.17,84.601008,98.98317936
235344562,2026-06-08T17:51:59.078267+00:00,sell,1.17,2.538112,2.96959104
235344563,2026-06-08T17:51:59.226717+00:00,buy,1.1699,172.473116,201.77629841
235344566,2026-06-08T17:51:59.284123+00:00,buy,1.1698,4.269959,4.99499804
235344565,2026-06-08T17:51:59.284123+00:00,buy,1.1698,1,1.1698
235344564,2026-06-08T17:51:59.284123+00:00,buy,1.1698,410.4,480.08592
235344569,2026-06-08T17:52:01.258690+00:00,buy,1.1698,689.794737,806.92188334
235344568,2026-06-08T17:52:01.258690+00:00,buy,1.1698,774.482251,905.98933722
235344567,2026-06-08T17:52:01.258690+00:00,buy,1.1698,0.000001,0.00000117
235344570,2026-06-08T17:52:03.842356+00:00,sell,1.1701,0.999989,1.17008713
235344572,2026-06-08T17:52:04.214289+00:00,sell,1.1702,500,585.1
235344571,2026-06-08T17:52:04.214289+00:00,sell,1.1702,1,1.1702
235344574,2026-06-08T17:52:05.806038+00:00,sell,1.1703,11.263252,13.18138382
235344573,2026-06-08T17:52:05.806038+00:00,sell,1.1703,1,1.1703
235344575,2026-06-08T17:52:10.526033+00:00,buy,1.1701,410.2,479.97502
235344576,2026-06-08T17:52:11.098861+00:00,sell,1.1702,172.473116,201.82804034
235344577,2026-06-08T17:52:11.193804+00:00,sell,1.1703,1,1.1703
235344578,2026-06-08T17:52:12.094512+00:00,buy,1.1703,11.150987,13.05000009
235344579,2026-06-08T17:52:12.696963+00:00,sell,1.1704,1,1.1704
235344580,2026-06-08T17:52:12.725917+00:00,sell,1.1705,1,1.1705
235344581,2026-06-08T17:52:12.783869+00:00,buy,1.1705,683.848357,800.44450187
235344583,2026-06-08T17:52:16.098455+00:00,buy,1.1704,34.763443,40.68713369
235344582,2026-06-08T17:52:16.098455+00:00,buy,1.1705,87.236557,102.11038997
235344584,2026-06-08T17:52:18.069816+00:00,sell,1.1706,0.000011,0.00001288
235344586,2026-06-08T17:52:21.021662+00:00,buy,1.1703,72.332,84.6501396
235344585,2026-06-08T17:52:21.021662+00:00,buy,1.1703,1,1.1703
235344587,2026-06-08T17:52:23.020567+00:00,buy,1.1702,1,1.1702
235344588,2026-06-08T17:52:24.259128+00:00,buy,1.1701,1,1.1701
235344589,2026-06-08T17:52:25.577656+00:00,sell,1.1703,50,58.515
235344590,2026-06-08T17:52:26.263937+00:00,sell,1.1702,0.000011,0.00001287
235344591,2026-06-08T17:52:27.349934+00:00,buy,1.1701,7.906237,9.25108791
235344592,2026-06-08T17:52:28.418879+00:00,sell,1.1702,83.03717,97.17009633
235344593,2026-06-08T17:52:29.801472+00:00,buy,1.1702,34.526964,40.40345327
235344594,2026-06-08T17:52:40.545166+00:00,sell,1.1703,1,1.1703
235344595,2026-06-08T17:52:40.655669+00:00,sell,1.1704,1,1.1704
235344596,2026-06-08T17:52:41.536655+00:00,sell,1.1705,0.000011,0.00001288
235344611,2026-06-08T17:52:45.986394+00:00,buy,1.1702,1356.987299,1587.94653729
235344610,2026-06-08T17:52:45.986394+00:00,buy,1.1702,774.482251,906.29913012
235344609,2026-06-08T17:52:45.986394+00:00,buy,1.1702,4784.7,5599.05594
235344608,2026-06-08T17:52:45.986394+00:00,buy,1.1703,171.076572,200.21091221
235344607,2026-06-08T17:52:45.986394+00:00,buy,1.1703,2.603,3.0462909
235344606,2026-06-08T17:52:45.986394+00:00,buy,1.1703,158.275035,185.22927346
235344605,2026-06-08T17:52:45.986394+00:00,buy,1.1703,75.936,88.8679008
235344604,2026-06-08T17:52:45.986394+00:00,buy,1.1703,2133.251543,2496.54428077
235344603,2026-06-08T17:52:45.986394+00:00,buy,1.1703,774.482251,906.37657835
235344602,2026-06-08T17:52:45.986394+00:00,buy,1.1703,215.954736,252.73182754
235344601,2026-06-08T17:52:45.986394+00:00,buy,1.1703,4783.7,5598.36411
235344600,2026-06-08T17:52:45.986394+00:00,buy,1.1704,1258.731725,1473.21961094
235344599,2026-06-08T17:52:45.986394+00:00,buy,1.1704,1223.866273,1432.41308592
235344598,2026-06-08T17:52:45.986394+00:00,buy,1.1704,85.426238,99.98286896
235344597,2026-06-08T17:52:45.986394+00:00,buy,1.1704,4783.7,5598.84248
235344612,2026-06-08T17:52:47.977732+00:00,sell,1.1705,0.000011,0.00001288
235344613,2026-06-08T17:52:54.667090+00:00,sell,1.1705,0.000011,0.00001288
235344614,2026-06-08T17:52:55.724919+00:00,sell,1.1705,0.999967,1.17046137
235344616,2026-06-08T17:52:55.961178+00:00,sell,1.1706,15.000011,17.55901288
235344615,2026-06-08T17:52:55.961178+00:00,sell,1.1706,0.999989,1.17058712
235344617,2026-06-08T17:52:58.280619+00:00,sell,1.1705,253.716128,296.97472782
235344618,2026-06-08T17:52:59.329844+00:00,sell,1.1705,4.228962,4.95000002
235344619,2026-06-08T17:52:59.724333+00:00,sell,1.1706,0.427162,0.50003584
235344620,2026-06-08T17:52:59.735964+00:00,sell,1.1706,423.004615,495.16920232
235344621,2026-06-08T17:52:59.753839+00:00,sell,1.1706,0.828877,0.97028342
235344622,2026-06-08T17:53:01.264112+00:00,sell,1.1705,0.000011,0.00001288
235344623,2026-06-08T17:53:03.485897+00:00,sell,1.1705,71.880325,84.13592041
