trade_id,time_utc,side,price,size,notional_usd
1034491093,2026-06-08T17:51:35.689356+00:00,buy,63443.11,0.00000005,0.00317216
1034491094,2026-06-08T17:51:35.829004+00:00,sell,63443.12,0.00391398,248.31510282
1034491095,2026-06-08T17:51:36.161624+00:00,buy,63443.11,0.00000012,0.00761317
1034491096,2026-06-08T17:51:36.172328+00:00,buy,63443.11,0.0000999,6.33796669
1034491097,2026-06-08T17:51:36.622755+00:00,sell,63443.12,0.00015605,9.90029888
1034491098,2026-06-08T17:51:36.677732+00:00,buy,63443.11,0.00000004,0.00253772
1034491099,2026-06-08T17:51:36.826834+00:00,buy,63443.11,0.00000006,0.00380659
1034491100,2026-06-08T17:51:37.351048+00:00,buy,63443.11,0.00000002,0.00126886
1034491101,2026-06-08T17:51:37.361974+00:00,buy,63443.11,0.00015337,9.73026978
1034491102,2026-06-08T17:51:37.402830+00:00,sell,63443.12,0.00000094,0.05963653
1034491103,2026-06-08T17:51:37.438513+00:00,sell,63443.12,0.00038995,24.73964464
1034491104,2026-06-08T17:51:37.484919+00:00,sell,63443.12,0.00000031,0.01966737
1034491105,2026-06-08T17:51:37.555284+00:00,sell,63443.12,0.00000015,0.00951647
1034491106,2026-06-08T17:51:37.649538+00:00,sell,63443.12,0.00000078,0.04948563
1034491107,2026-06-08T17:51:37.710598+00:00,buy,63443.11,0.00025418,16.1259697
1034491108,2026-06-08T17:51:37.916695+00:00,buy,63443.11,0.00000007,0.00444102
1034491113,2026-06-08T17:51:38.336457+00:00,sell,63443.12,0.00394229,250.11117754
1034491112,2026-06-08T17:51:38.336457+00:00,sell,63443.12,0.00042747,27.12003051
1034491111,2026-06-08T17:51:38.336457+00:00,sell,63443.12,0.00118216,74.99991874
1034491110,2026-06-08T17:51:38.336457+00:00,sell,63443.12,0.00000019,0.01205419
1034491109,2026-06-08T17:51:38.336457+00:00,sell,63443.12,0.00042774,27.13716015
1034491116,2026-06-08T17:51:39.258905+00:00,buy,63443.11,0.00005528,3.50713512
1034491115,2026-06-08T17:51:39.258905+00:00,buy,63443.11,0.00002192,1.39067297
1034491114,2026-06-08T17:51:39.258905+00:00,buy,63443.11,0.00000011,0.00697874
1034491117,2026-06-08T17:51:39.282246+00:00,buy,63443.11,0.00000009,0.00570988
1034491129,2026-06-08T17:51:40.071023+00:00,sell,63447.79,0.02071237,1314.15410216
1034491128,2026-06-08T17:51:40.071023+00:00,sell,63446.1,0.03152759,2000.3026279
1034491127,2026-06-08T17:51:40.071023+00:00,sell,63446,0.0206,1306.9876
1034491126,2026-06-08T17:51:40.071023+00:00,sell,63443.22,0.00047269,29.98897566
1034491125,2026-06-08T17:51:40.071023+00:00,sell,63443.15,0.00000101,0.06407758
1034491124,2026-06-08T17:51:40.071023+00:00,sell,63443.15,0.00000112,0.07105633
1034491123,2026-06-08T17:51:40.071023+00:00,sell,63443.15,0.00000105,0.06661531
1034491122,2026-06-08T17:51:40.071023+00:00,sell,63443.14,0.00000028,0.01776408
1034491121,2026-06-08T17:51:40.071023+00:00,sell,63443.12,0.00000019,0.01205419
1034491120,2026-06-08T17:51:40.071023+00:00,sell,63443.12,0.00021304,13.51592228
1034491119,2026-06-08T17:51:40.071023+00:00,sell,63443.12,0.00118216,74.99991874
1034491118,2026-06-08T17:51:40.071023+00:00,sell,63443.12,0.00257649,163.46056425
1034491130,2026-06-08T17:51:40.265709+00:00,buy,63445.2,0.0000003,0.01903356
1034491134,2026-06-08T17:51:40.377528+00:00,sell,63445.8,0.00180468,114.49936634
1034491133,2026-06-08T17:51:40.377528+00:00,sell,63445.79,0.01248234,791.95192235
1034491132,2026-06-08T17:51:40.377528+00:00,sell,63445.78,0.00118211,74.999891
1034491131,2026-06-08T17:51:40.377528+00:00,sell,63445.77,0.00022829,14.48403483
1034491135,2026-06-08T17:51:40.512130+00:00,buy,63446.07,0.0000053,0.33626417
1034491136,2026-06-08T17:51:40.636197+00:00,sell,63446.82,0.0000156,0.98977039
1034491137,2026-06-08T17:51:41.279730+00:00,buy,63446.17,0.0000001,0.00634462
1034491138,2026-06-08T17:51:41.933819+00:00,buy,63446.18,0.0000001,0.00634462
1034491142,2026-06-08T17:51:42.152888+00:00,buy,63446.1,0.00000015,0.00951692
1034491141,2026-06-08T17:51:42.152888+00:00,buy,63446.18,0.00000011,0.00697908
1034491140,2026-06-08T17:51:42.152888+00:00,buy,63446.18,0.00003152,1.99982359
1034491139,2026-06-08T17:51:42.152888+00:00,buy,63446.18,0.0053147,337.19741285
1034491143,2026-06-08T17:51:42.590223+00:00,buy,63445.22,0.00000018,0.01142014
1034491146,2026-06-08T17:51:42.633123+00:00,buy,63445.2,0.00000087,0.05519732
1034491145,2026-06-08T17:51:42.633123+00:00,buy,63445.21,0.00000083,0.05265952
1034491144,2026-06-08T17:51:42.633123+00:00,buy,63445.22,0.00000062,0.03933604
1034491147,2026-06-08T17:51:43.137486+00:00,buy,63444.37,0.00000004,0.00253777
1034491152,2026-06-08T17:51:43.348808+00:00,sell,63447.94,0.00795977,505.03100937
1034491151,2026-06-08T17:51:43.348808+00:00,sell,63447.93,0.01336049,847.69543429
1034491150,2026-06-08T17:51:43.348808+00:00,sell,63447.25,0.04728337,2999.99979723
1034491149,2026-06-08T17:51:43.348808+00:00,sell,63444.38,0.00118213,74.99950493
1034491148,2026-06-08T17:51:43.348808+00:00,sell,63444.38,0.00679854,431.32915521
1034491153,2026-06-08T17:51:43.703848+00:00,sell,63446.01,0.03152648,2000.22936534
1034491154,2026-06-08T17:51:43.726488+00:00,buy,63449.55,0.00000004,0.00253798
1034491155,2026-06-08T17:51:43.726748+00:00,buy,63449.55,0.00000007,0.00444147
1034491157,2026-06-08T17:51:44.243909+00:00,buy,63450,0.00010093,6.4040085
1034491156,2026-06-08T17:51:44.243909+00:00,buy,63450,0.00013073,8.2948185
1034491158,2026-06-08T17:51:44.325125+00:00,buy,63450,0.00000003,0.0019035
1034491159,2026-06-08T17:51:44.745516+00:00,buy,63450,0.00000016,0.010152
1034491160,2026-06-08T17:51:44.867325+00:00,buy,63450,0.0000001,0.006345
1034491161,2026-06-08T17:51:45.421328+00:00,buy,63450,0.00000012,0.007614
1034491162,2026-06-08T17:51:45.771881+00:00,buy,63450,0.0000003,0.019035
1034491163,2026-06-08T17:51:46.034381+00:00,buy,63450,0.00000011,0.0069795
1034491168,2026-06-08T17:51:46.102741+00:00,buy,63449.99,0.00000014,0.008883
1034491167,2026-06-08T17:51:46.102741+00:00,buy,63449.99,0.00000014,0.008883
1034491166,2026-06-08T17:51:46.102741+00:00,buy,63450,0.0000001,0.006345
1034491165,2026-06-08T17:51:46.102741+00:00,buy,63450,0.00393717,249.8134365
1034491164,2026-06-08T17:51:46.102741+00:00,buy,63450,0.01250617,793.5164865
1034491169,2026-06-08T17:51:46.687301+00:00,buy,63447.37,0.00000018,0.01142053
1034491171,2026-06-08T17:51:46.898746+00:00,sell,63447.38,0.00043113,27.35406894
1034491170,2026-06-08T17:51:46.898746+00:00,sell,63447.38,0.0001168,7.41065398
1034491172,2026-06-08T17:51:47.309802+00:00,buy,63447.34,0.00000003,0.00190342
1034491173,2026-06-08T17:51:47.335227+00:00,buy,63447.34,0.00000012,0.00761368
1034491174,2026-06-08T17:51:47.855760+00:00,buy,63447.4,0.00000003,0.00190342
1034491175,2026-06-08T17:51:48.401516+00:00,buy,63447.4,0.00000006,0.00380684
1034491176,2026-06-08T17:51:48.502894+00:00,buy,63447.4,0.00000015,0.00951711
1034491177,2026-06-08T17:51:49.029232+00:00,buy,63447.4,0.00000004,0.0025379
1034491185,2026-06-08T17:51:49.152680+00:00,buy,63446.38,0.00590378,374.57346932
1034491184,2026-06-08T17:51:49.152680+00:00,buy,63447.33,0.0000001,0.00634473
1034491183,2026-06-08T17:51:49.152680+00:00,buy,63447.34,0.00000057,0.03616498
1034491182,2026-06-08T17:51:49.152680+00:00,buy,63447.34,0.00000063,0.03997182
1034491181,2026-06-08T17:51:49.152680+00:00,buy,63447.34,0.00000045,0.0285513
1034491180,2026-06-08T17:51:49.152680+00:00,buy,63447.37,0.00047281,29.99855101
1034491179,2026-06-08T17:51:49.152680+00:00,buy,63447.39,0.00000016,0.01015158
1034491178,2026-06-08T17:51:49.152680+00:00,buy,63447.4,0.00010772,6.83455393
1034491186,2026-06-08T17:51:49.595699+00:00,buy,63444.26,0.00000004,0.00253777
1034491188,2026-06-08T17:51:49.993834+00:00,sell,63445.89,0.00038579,24.4767899
1034491187,2026-06-08T17:51:49.993834+00:00,sell,63445,0.00005842,3.7064569
1034491189,2026-06-08T17:51:50.176381+00:00,buy,63445.17,0.00000009,0.00571007
1034491190,2026-06-08T17:51:50.242863+00:00,sell,63445.65,0.00001498,0.95041584
1034491191,2026-06-08T17:51:50.674182+00:00,buy,63444.16,0.00000003,0.00190332
1034491192,2026-06-08T17:51:50.765425+00:00,buy,63445.16,0.00000024,0.01522684
1034491193,2026-06-08T17:51:51.335684+00:00,buy,63444.16,0.00000016,0.01015107
1034491195,2026-06-08T17:51:51.591606+00:00,sell,63445.26,0.00029029,18.41752453
1034491194,2026-06-08T17:51:51.591606+00:00,sell,63445.11,0.00002178,1.3818345
1034491196,2026-06-08T17:51:51.734856+00:00,buy,63445.24,0.00238786,151.49835079
1034491197,2026-06-08T17:51:51.899690+00:00,buy,63445.24,0.00000002,0.0012689
1034491198,2026-06-08T17:51:51.947890+00:00,buy,63444.16,0.00000012,0.0076133
1034491199,2026-06-08T17:51:52.005024+00:00,sell,63444.17,0.03152636,2000.16374332
1034491200,2026-06-08T17:51:52.106093+00:00,sell,63445.4,0.00047281,29.99761957
1034491201,2026-06-08T17:51:52.490273+00:00,buy,63446.27,0.00000004,0.00253785
1034491214,2026-06-08T17:51:52.524923+00:00,buy,63445.23,0.00000015,0.00951678
1034491213,2026-06-08T17:51:52.524923+00:00,buy,63445.24,0.0000001,0.00634452
1034491212,2026-06-08T17:51:52.524923+00:00,buy,63445.24,0.00535739,339.90089432
1034491211,2026-06-08T17:51:52.524923+00:00,buy,63445.39,0.00067543,42.85291977
1034491210,2026-06-08T17:51:52.524923+00:00,buy,63446,0.0186,1180.0956
1034491209,2026-06-08T17:51:52.524923+00:00,buy,63446.27,0.0000534,3.38803082
1034491208,2026-06-08T17:51:52.524923+00:00,buy,63446.27,0.01336049,847.67325587
1034491207,2026-06-08T17:51:52.524923+00:00,buy,63446.27,0.0472841,2999.99977531
1034491206,2026-06-08T17:51:52.524923+00:00,buy,63446.27,0.00036123,22.91869611
1034491205,2026-06-08T17:51:52.524923+00:00,buy,63446.27,0.01275094,808.99958199
1034491204,2026-06-08T17:51:52.524923+00:00,buy,63446.27,0.01288447,817.47156243
1034491203,2026-06-08T17:51:52.524923+00:00,buy,63446.27,0.01404319,890.9880244
1034491202,2026-06-08T17:51:52.524923+00:00,buy,63446.27,0.00103551,65.69924705
1034491215,2026-06-08T17:51:52.700696+00:00,sell,63445.22,0.03349185,2124.89779146
1034491217,2026-06-08T17:51:52.906674+00:00,sell,63447.44,0.00000088,0.05583375
1034491216,2026-06-08T17:51:52.906674+00:00,sell,63446.28,0.00000112,0.07105983
1034491220,2026-06-08T17:51:52.907079+00:00,sell,63450.54,0.000018,1.14210972
1034491219,2026-06-08T17:51:52.907079+00:00,sell,63450.01,0.00007307,4.63629223
1034491218,2026-06-08T17:51:52.907079+00:00,sell,63450.01,0.00347245,220.32698722
1034491221,2026-06-08T17:51:52.947615+00:00,sell,63452.87,0.047426,3009.31581262
1034491222,2026-06-08T17:51:53.100563+00:00,buy,63453.71,0.0000001,0.00634537
1034491225,2026-06-08T17:51:53.144217+00:00,sell,63453.99,0.00630523,400.09200137
1034491224,2026-06-08T17:51:53.144217+00:00,sell,63453.72,0.01024508,650.0884377
1034491223,2026-06-08T17:51:53.144217+00:00,sell,63453.72,0.000018,1.14216696
1034491226,2026-06-08T17:51:53.144928+00:00,sell,63455,0.01,634.55
1034491229,2026-06-08T17:51:53.150166+00:00,sell,63459.1,0.00970664,615.97463842
1034491228,2026-06-08T17:51:53.150166+00:00,sell,63458.19,0.00157536,99.9694942
1034491227,2026-06-08T17:51:53.150166+00:00,sell,63456.9,0.000018,1.1422242
1034491231,2026-06-08T17:51:53.154961+00:00,sell,63460,0.0088694,562.852124
1034491230,2026-06-08T17:51:53.154961+00:00,sell,63459.1,0.0000306,1.94184846
1034491232,2026-06-08T17:51:53.155363+00:00,sell,63460,0.0011306,71.747876
1034491233,2026-06-08T17:51:53.194901+00:00,buy,63460.07,0.00000011,0.00698061
1034491235,2026-06-08T17:51:53.233273+00:00,sell,63460.08,0.001575,99.949626
1034491234,2026-06-08T17:51:53.233273+00:00,sell,63460.08,0.000018,1.14228144
1034491238,2026-06-08T17:51:53.250371+00:00,sell,63460.08,0.05103777,3238.86096722
1034491237,2026-06-08T17:51:53.250371+00:00,sell,63460.08,0.001575,99.949626
1034491236,2026-06-08T17:51:53.250371+00:00,sell,63460.08,0.00000036,0.02284563
1034491239,2026-06-08T17:51:53.258313+00:00,sell,63460.08,0.11567923,7341.01319014
1034491243,2026-06-08T17:51:53.313886+00:00,sell,63468.43,0.0056622,359.37094435
1034491242,2026-06-08T17:51:53.313886+00:00,sell,63466.44,0.000018,1.14239592
1034491241,2026-06-08T17:51:53.313886+00:00,sell,63465,0.01,634.65
1034491240,2026-06-08T17:51:53.313886+00:00,sell,63463.26,0.000018,1.14233868
1034491244,2026-06-08T17:51:53.915598+00:00,buy,63468.42,0.00000028,0.01777116
1034491245,2026-06-08T17:51:54.228414+00:00,buy,63468.42,0.0000001,0.00634684
1034491246,2026-06-08T17:51:54.524477+00:00,buy,63468.42,0.00000003,0.00190405
1034491247,2026-06-08T17:51:55.538354+00:00,buy,63468.42,0.00000004,0.00253874
1034491248,2026-06-08T17:51:55.546823+00:00,buy,63468.42,0.00000033,0.02094458
1034491252,2026-06-08T17:51:55.719479+00:00,buy,63468.42,0.00810401,514.34871036
1034491251,2026-06-08T17:51:55.719479+00:00,buy,63468.42,0.01050129,666.50028426
1034491250,2026-06-08T17:51:55.719479+00:00,buy,63468.42,0.00000011,0.00698153
1034491249,2026-06-08T17:51:55.719479+00:00,buy,63468.42,0.00147693,93.73841355
1034491253,2026-06-08T17:51:55.719570+00:00,buy,63468.42,0.08008234,5082.6995897
1034491254,2026-06-08T17:51:55.728819+00:00,buy,63468.42,0.15831368,10047.91913399
1034491255,2026-06-08T17:51:55.732376+00:00,buy,63468.42,0.00972417,617.17770571
1034491256,2026-06-08T17:51:55.733142+00:00,buy,63468.42,0.150466,9549.83928372
1034491257,2026-06-08T17:51:55.733189+00:00,buy,63468.42,0.00911065,578.23856067
1034491258,2026-06-08T17:51:55.734776+00:00,buy,63468.42,0.00154114,97.8137208
1034491259,2026-06-08T17:51:55.739254+00:00,buy,63468.42,0.03072341,1949.96628971
1034491260,2026-06-08T17:51:56.108414+00:00,sell,63468.43,0.00000047,0.02983016
1034491261,2026-06-08T17:51:56.145978+00:00,buy,63468.42,0.00000006,0.00380811
1034491262,2026-06-08T17:51:56.553759+00:00,sell,63468.43,0.00000172,0.1091657
1034491263,2026-06-08T17:51:56.568314+00:00,buy,63468.42,0.00000002,0.00126937
1034491264,2026-06-08T17:51:56.716658+00:00,buy,63468.42,0.0000001,0.00634684
1034491265,2026-06-08T17:51:56.790993+00:00,sell,63468.43,0.00087422,55.48537087
1034491274,2026-06-08T17:51:56.891614+00:00,sell,63470,0.00182469,115.8130743
1034491273,2026-06-08T17:51:56.891614+00:00,sell,63469.62,0.000018,1.14245316
1034491272,2026-06-08T17:51:56.891614+00:00,sell,63468.46,0.00000093,0.05902567
1034491271,2026-06-08T17:51:56.891614+00:00,sell,63468.46,0.00000088,0.05585224
1034491270,2026-06-08T17:51:56.891614+00:00,sell,63468.46,0.00000085,0.05394819
1034491269,2026-06-08T17:51:56.891614+00:00,sell,63468.44,0.00000028,0.01777116
1034491268,2026-06-08T17:51:56.891614+00:00,sell,63468.43,0.00000019,0.012059
1034491267,2026-06-08T17:51:56.891614+00:00,sell,63468.43,0.00000019,0.012059
1034491266,2026-06-08T17:51:56.891614+00:00,sell,63468.43,0.00259597,164.76214023
1034491275,2026-06-08T17:51:57.406247+00:00,buy,63468.43,0.00000005,0.00317342
1034491278,2026-06-08T17:51:57.593508+00:00,buy,63468.42,0.1572432,9979.97745974
1034491277,2026-06-08T17:51:57.593508+00:00,buy,63468.43,0.00000059,0.03744637
1034491276,2026-06-08T17:51:57.593508+00:00,buy,63468.43,0.00272114,172.70648361
1034491279,2026-06-08T17:51:57.658212+00:00,buy,63468.42,0.00000007,0.00444279
1034491280,2026-06-08T17:51:58.180425+00:00,buy,63468.42,0.02048234,1299.9817577
1034491285,2026-06-08T17:51:58.180714+00:00,buy,63468.42,0.00864115,548.44013748
1034491284,2026-06-08T17:51:58.180714+00:00,buy,63468.42,0.00181414,115.14059946
1034491283,2026-06-08T17:51:58.180714+00:00,buy,63468.42,0.00047268,30.00025277
1034491282,2026-06-08T17:51:58.180714+00:00,buy,63468.42,0.00000011,0.00698153
1034491281,2026-06-08T17:51:58.180714+00:00,buy,63468.42,0.06875426,4363.72425047
1034491289,2026-06-08T17:51:58.213653+00:00,buy,63468.39,0.00000071,0.04506256
1034491288,2026-06-08T17:51:58.213653+00:00,buy,63468.41,0.00000015,0.00952026
1034491287,2026-06-08T17:51:58.213653+00:00,buy,63468.42,0.00120943,76.7606112
1034491286,2026-06-08T17:51:58.213653+00:00,buy,63468.42,0.00531167,337.12330246
1034491290,2026-06-08T17:51:58.255622+00:00,buy,63464.34,0.00000015,0.00951965
1034491291,2026-06-08T17:51:58.369336+00:00,buy,63464.34,0.00000033,0.02094323
1034491292,2026-06-08T17:51:58.618342+00:00,buy,63464.34,0.00118176,74.99961844
1034491293,2026-06-08T17:51:58.629047+00:00,buy,63463.26,0.000018,1.14233868
1034491294,2026-06-08T17:51:58.660751+00:00,sell,63461.14,0.00076556,48.58331034
1034491295,2026-06-08T17:51:58.712134+00:00,sell,63461.14,0.00015318,9.72097743
1034491296,2026-06-08T17:51:58.929712+00:00,buy,63461.13,0.00000023,0.01459606
1034491299,2026-06-08T17:51:59.103546+00:00,buy,63461.13,0.00002913,1.84862272
1034491298,2026-06-08T17:51:59.103546+00:00,buy,63461.13,0.00022234,14.10994764
1034491297,2026-06-08T17:51:59.103546+00:00,buy,63461.13,0.00031051,19.70531548
1034491301,2026-06-08T17:51:59.117493+00:00,buy,63460.07,0.00019193,12.17989124
1034491300,2026-06-08T17:51:59.117493+00:00,buy,63460.08,0.000018,1.14228144
1034491303,2026-06-08T17:51:59.124819+00:00,buy,63457.67,0.00940076,596.55032583
1034491302,2026-06-08T17:51:59.124819+00:00,buy,63457.89,0.0129635,822.63635702
1034491305,2026-06-08T17:51:59.237490+00:00,buy,63456.9,0.00648175,411.31176158
1034491304,2026-06-08T17:51:59.237490+00:00,buy,63456.9,0.000018,1.1422242
1034491307,2026-06-08T17:51:59.323679+00:00,buy,63452,0.00003834,2.43274968
1034491306,2026-06-08T17:51:59.323679+00:00,buy,63453.72,0.000018,1.14216696
1034491308,2026-06-08T17:51:59.548132+00:00,sell,63453.91,0.00155972,98.97033251
1034491309,2026-06-08T17:52:00.022546+00:00,buy,63452.69,0.00000003,0.00190358
1034491310,2026-06-08T17:52:01.016644+00:00,buy,63453.46,0.00000015,0.00951802
1034491313,2026-06-08T17:52:01.068286+00:00,sell,63457.23,0.00024568,15.59017227
1034491312,2026-06-08T17:52:01.068286+00:00,sell,63453.91,0.00086529,54.90603378
1034491311,2026-06-08T17:52:01.068286+00:00,sell,63453.47,0.00195129,123.81612148
1034491314,2026-06-08T17:52:01.693692+00:00,buy,63453.46,0.00015311,9.71535926
1034491315,2026-06-08T17:52:01.728309+00:00,buy,63453.46,0.00000016,0.01015255
1034491316,2026-06-08T17:52:02.371116+00:00,buy,63453.46,0.00000016,0.01015255
1034491317,2026-06-08T17:52:02.703627+00:00,buy,63453.49,0.00000006,0.00380721
1034491322,2026-06-08T17:52:02.870221+00:00,sell,63462.18,0.00171083,108.57300141
1034491321,2026-06-08T17:52:02.870221+00:00,sell,63460.08,0.000018,1.14228144
1034491320,2026-06-08T17:52:02.870221+00:00,sell,63453.5,0.00000097,0.0615499
1034491319,2026-06-08T17:52:02.870221+00:00,sell,63453.5,0.00000088,0.05583908
1034491318,2026-06-08T17:52:02.870221+00:00,sell,63453.5,0.00000093,0.05901176
1034491323,2026-06-08T17:52:02.987132+00:00,buy,63460.02,0.00000003,0.0019038
1034491326,2026-06-08T17:52:03.235187+00:00,buy,63460.02,0.00328986,208.7745814
1034491325,2026-06-08T17:52:03.235187+00:00,buy,63460.02,0.00249864,158.56374437
1034491324,2026-06-08T17:52:03.235187+00:00,buy,63460.02,0.00999451,634.25180449
1034491327,2026-06-08T17:52:03.823181+00:00,buy,63460,0.00000011,0.0069806
1034491328,2026-06-08T17:52:03.958720+00:00,buy,63460.02,0.00000005,0.003173
1034491329,2026-06-08T17:52:04.264649+00:00,buy,63460.02,0.00069744,44.25955635
1034491330,2026-06-08T17:52:04.295464+00:00,buy,63460.02,0.00000015,0.009519
1034491331,2026-06-08T17:52:04.439024+00:00,buy,63460.02,0.00000012,0.0076152
1034491332,2026-06-08T17:52:05.007909+00:00,buy,63459.99,0.00000005,0.003173
1034491336,2026-06-08T17:52:05.249943+00:00,buy,63459.98,0.00000016,0.0101536
1034491335,2026-06-08T17:52:05.249943+00:00,buy,63459.99,0.00000011,0.0069806
1034491334,2026-06-08T17:52:05.249943+00:00,buy,63459.99,0.00000075,0.04759499
1034491333,2026-06-08T17:52:05.249943+00:00,buy,63459.99,0.00000066,0.04188359
1034491337,2026-06-08T17:52:05.646133+00:00,buy,63456.38,0.00000007,0.00444195
1034491338,2026-06-08T17:52:05.694811+00:00,buy,63456.4,0.00000011,0.0069802
1034491339,2026-06-08T17:52:06.401915+00:00,buy,63454.01,0.00000015,0.0095181
1034491340,2026-06-08T17:52:06.547206+00:00,buy,63454.02,0.00000003,0.00190362
1034491341,2026-06-08T17:52:06.665851+00:00,buy,63454.02,0.00000006,0.00380724
1034491342,2026-06-08T17:52:06.965748+00:00,sell,63454.03,0.00015598,9.8975596
1034491343,2026-06-08T17:52:07.357546+00:00,buy,63454.02,0.00000006,0.00380724
1034491344,2026-06-08T17:52:07.726963+00:00,buy,63454.02,0.00000006,0.00380724
1034491345,2026-06-08T17:52:07.738555+00:00,buy,63454.02,0.00000022,0.01395988
1034491346,2026-06-08T17:52:08.362181+00:00,buy,63454.02,0.00000005,0.0031727
1034491347,2026-06-08T17:52:08.953798+00:00,buy,63454.02,0.00000018,0.01142172
1034491348,2026-06-08T17:52:09.023370+00:00,buy,63454.02,0.00000003,0.00190362
1034491349,2026-06-08T17:52:10.056033+00:00,buy,63454.02,0.00000009,0.00571086
1034491350,2026-06-08T17:52:10.282975+00:00,buy,63454.02,0.00000003,0.00190362
1034491359,2026-06-08T17:52:10.418338+00:00,buy,63453.46,0.00006805,4.31800795
1034491358,2026-06-08T17:52:10.418338+00:00,buy,63453.99,0.00000083,0.05266681
1034491357,2026-06-08T17:52:10.418338+00:00,buy,63453.99,0.0000008,0.05076319
1034491356,2026-06-08T17:52:10.418338+00:00,buy,63454,0.00000016,0.01015264
1034491355,2026-06-08T17:52:10.418338+00:00,buy,63454.02,0.00047277,29.99915704
1034491354,2026-06-08T17:52:10.418338+00:00,buy,63454.02,0.0000001,0.0063454
1034491353,2026-06-08T17:52:10.418338+00:00,buy,63454.02,0.0000001,0.0063454
1034491352,2026-06-08T17:52:10.418338+00:00,buy,63454.02,0.01197552,759.89488559
1034491351,2026-06-08T17:52:10.418338+00:00,buy,63454.02,0.00003816,2.4214054
1034491363,2026-06-08T17:52:10.423484+00:00,buy,63452.82,0.00324087,205.64234075
1034491362,2026-06-08T17:52:10.423484+00:00,buy,63452.82,0.00011173,7.08958358
1034491361,2026-06-08T17:52:10.423484+00:00,buy,63452.82,0.00011157,7.07943113
1034491360,2026-06-08T17:52:10.423484+00:00,buy,63452.82,0.00014735,9.34977303
1034491365,2026-06-08T17:52:10.425354+00:00,buy,63451.33,0.012014,762.30427862
1034491364,2026-06-08T17:52:10.425354+00:00,buy,63451.35,0.0211,1338.823485
1034491366,2026-06-08T17:52:10.429641+00:00,buy,63450.54,0.000018,1.14210972
1034491367,2026-06-08T17:52:10.460816+00:00,buy,63447.9,0.00000015,0.00951718
1034491369,2026-06-08T17:52:10.526625+00:00,buy,63447.36,0.000018,1.14205248
1034491368,2026-06-08T17:52:10.526625+00:00,buy,63447.89,0.04742616,3009.0897828
1034491370,2026-06-08T17:52:10.903411+00:00,buy,63447.88,0.00000003,0.00190344
1034491371,2026-06-08T17:52:11.097909+00:00,sell,63447.89,0.00130099,82.54507041
1034491372,2026-06-08T17:52:11.281570+00:00,buy,63456.89,0.00000003,0.00190371
1034491373,2026-06-08T17:52:11.482098+00:00,buy,63456.89,0.00000017,0.01078767
1034491374,2026-06-08T17:52:11.981312+00:00,buy,63456.89,0.001,63.45689
1034491375,2026-06-08T17:52:12.075719+00:00,buy,63456.89,0.00000013,0.0082494
1034491376,2026-06-08T17:52:12.316863+00:00,buy,63456.89,0.00000002,0.00126914
1034491380,2026-06-08T17:52:12.718652+00:00,sell,63460.08,0.000018,1.14228144
1034491379,2026-06-08T17:52:12.718652+00:00,sell,63460.03,0.00271545,172.32253846
1034491378,2026-06-08T17:52:12.718652+00:00,sell,63460,0.01,634.6
1034491377,2026-06-08T17:52:12.718652+00:00,sell,63456.9,0.000018,1.1422242
1034491382,2026-06-08T17:52:12.734302+00:00,sell,63463.26,0.00905947,574.94350007
1034491381,2026-06-08T17:52:12.734302+00:00,sell,63463.26,0.000018,1.14233868
1034491383,2026-06-08T17:52:12.758973+00:00,buy,63465.5,0.00000006,0.00380793
1034491384,2026-06-08T17:52:13.084873+00:00,sell,63465.51,0.00124527,79.03169564
1034491385,2026-06-08T17:52:13.178668+00:00,buy,63465.5,0.00080089,50.8288843
1034491387,2026-06-08T17:52:13.277356+00:00,buy,63462.44,0.00000016,0.01015399
1034491386,2026-06-08T17:52:13.277356+00:00,buy,63463.25,0.00000011,0.00698096
1034491388,2026-06-08T17:52:13.346576+00:00,buy,63462.46,0.0000001,0.00634625
1034491389,2026-06-08T17:52:14.597194+00:00,buy,63462.47,0.00000009,0.00571162
1034491390,2026-06-08T17:52:14.660346+00:00,buy,63462.47,0.00000011,0.00698087
1034491391,2026-06-08T17:52:15.220579+00:00,buy,63462.47,0.00000003,0.00190387
1034491396,2026-06-08T17:52:15.333648+00:00,buy,63462,0.01226588,778.41727656
1034491395,2026-06-08T17:52:15.333648+00:00,buy,63462.46,0.00000015,0.00951937
1034491394,2026-06-08T17:52:15.333648+00:00,buy,63462.46,0.00000068,0.04315447
1034491393,2026-06-08T17:52:15.333648+00:00,buy,63462.47,0.0000001,0.00634625
1034491392,2026-06-08T17:52:15.333648+00:00,buy,63462.47,0.00000042,0.02665424
1034491397,2026-06-08T17:52:15.439035+00:00,sell,63462.24,0.00036,22.8464064
1034491398,2026-06-08T17:52:15.832919+00:00,buy,63462.46,0.00000016,0.01015399
1034491399,2026-06-08T17:52:15.862684+00:00,buy,63462.47,0.00000012,0.0076155
1034491400,2026-06-08T17:52:16.446162+00:00,buy,63463.73,0.00000012,0.00761565
1034491401,2026-06-08T17:52:16.474261+00:00,sell,63463.74,0.00156004,99.00597295
1034491402,2026-06-08T17:52:17.056370+00:00,buy,63463.73,0.00000007,0.00444246
1034491403,2026-06-08T17:52:17.386346+00:00,buy,63463.73,0.00000017,0.01078883
1034491404,2026-06-08T17:52:17.658694+00:00,buy,63463.73,0.00000012,0.00761565
1034491405,2026-06-08T17:52:17.668352+00:00,sell,63463.74,0.00074733,47.42835681
1034491406,2026-06-08T17:52:18.202930+00:00,sell,63463.74,0.00005976,3.7925931
1034491407,2026-06-08T17:52:18.455945+00:00,buy,63463.73,0.00000018,0.01142347
1034491408,2026-06-08T17:52:18.744037+00:00,sell,63463.74,0.00001529,0.97036058
1034491409,2026-06-08T17:52:18.982662+00:00,buy,63463.73,0.00000014,0.00888492
1034491410,2026-06-08T17:52:19.090341+00:00,sell,63463.74,0.00002995,1.90073901
1034491411,2026-06-08T17:52:19.139453+00:00,sell,63463.74,0.00000047,0.02982796
1034491412,2026-06-08T17:52:19.486897+00:00,buy,63463.73,0.00000018,0.01142347
1034491413,2026-06-08T17:52:19.570226+00:00,buy,63463.73,0.00000005,0.00317319
1034491414,2026-06-08T17:52:20.937582+00:00,buy,63463.73,0.00000017,0.01078883
1034491421,2026-06-08T17:52:20.950390+00:00,buy,63463.7,0.0000006,0.03807822
1034491420,2026-06-08T17:52:20.950390+00:00,buy,63463.7,0.00000066,0.04188604
1034491419,2026-06-08T17:52:20.950390+00:00,buy,63463.7,0.00000063,0.03998213
1034491418,2026-06-08T17:52:20.950390+00:00,buy,63463.72,0.00000016,0.0101542
1034491417,2026-06-08T17:52:20.950390+00:00,buy,63463.72,0.00000011,0.00698101
1034491416,2026-06-08T17:52:20.950390+00:00,buy,63463.73,0.01296376,822.72856442
1034491415,2026-06-08T17:52:20.950390+00:00,buy,63463.73,0.00122857,77.96963477
1034491422,2026-06-08T17:52:21.075966+00:00,buy,63461.06,0.00000026,0.01649988
1034491423,2026-06-08T17:52:21.490854+00:00,sell,63458.03,0.00112098,71.13518247
1034491424,2026-06-08T17:52:22.101487+00:00,buy,63458.02,0.00000011,0.00698038
1034491429,2026-06-08T17:52:22.102839+00:00,sell,63458.77,0.03429229,2176.14654388
1034491428,2026-06-08T17:52:22.102839+00:00,sell,63458.04,0.00000138,0.0875721
1034491427,2026-06-08T17:52:22.102839+00:00,sell,63458.03,0.01313387,833.44951648
1034491426,2026-06-08T17:52:22.102839+00:00,sell,63458.03,0.0000013,0.08249544
1034491425,2026-06-08T17:52:22.102839+00:00,sell,63458.03,0.0126068,800.0026926
1034491430,2026-06-08T17:52:22.139549+00:00,sell,63458.15,0.00248063,157.41619063
1034491431,2026-06-08T17:52:22.188228+00:00,buy,63458.15,0.00000008,0.00507665
1034491432,2026-06-08T17:52:22.764382+00:00,buy,63458.02,0.00000002,0.00126916
1034491438,2026-06-08T17:52:22.917624+00:00,buy,63457.99,0.0000006,0.03807479
1034491437,2026-06-08T17:52:22.917624+00:00,buy,63457.99,0.00000058,0.03680563
1034491436,2026-06-08T17:52:22.917624+00:00,buy,63458,0.00000015,0.0095187
1034491435,2026-06-08T17:52:22.917624+00:00,buy,63458.02,0.00007518,4.77077394
1034491434,2026-06-08T17:52:22.917624+00:00,buy,63458.02,0.0000001,0.0063458
1034491433,2026-06-08T17:52:22.917624+00:00,buy,63458.02,0.00648155,411.30632953
1034491443,2026-06-08T17:52:22.934107+00:00,buy,63456.89,0.00549388,348.62453883
1034491442,2026-06-08T17:52:22.934107+00:00,buy,63456.89,0.00016846,10.68994769
1034491441,2026-06-08T17:52:22.934107+00:00,buy,63456.89,0.00014387,9.12954276
1034491440,2026-06-08T17:52:22.934107+00:00,buy,63456.89,0.00016688,10.5896858
1034491439,2026-06-08T17:52:22.934107+00:00,buy,63456.9,0.000018,1.1422242
1034491444,2026-06-08T17:52:23.007257+00:00,buy,63456.49,0.00000061,0.03870846
1034491445,2026-06-08T17:52:23.393827+00:00,buy,63453.72,0.00000019,0.01205621
1034491446,2026-06-08T17:52:23.996889+00:00,buy,63453.72,0.00000023,0.01459436
1034491447,2026-06-08T17:52:24.304971+00:00,buy,63453.72,0.00000013,0.00824898
1034491450,2026-06-08T17:52:24.620103+00:00,sell,63453.73,0.00615651,390.65352328
1034491449,2026-06-08T17:52:24.620103+00:00,sell,63453.73,0.00000096,0.06091558
1034491448,2026-06-08T17:52:24.620103+00:00,sell,63453.73,0.01178234,747.63342113
1034491451,2026-06-08T17:52:24.891093+00:00,buy,63453.72,0.00000021,0.01332528
1034491452,2026-06-08T17:52:25.002166+00:00,sell,63453.73,0.00038858,24.6568504
1034491453,2026-06-08T17:52:25.036227+00:00,buy,63453.72,0.00000009,0.00571083
1034491454,2026-06-08T17:52:25.426993+00:00,buy,63453.72,0.00000015,0.00951806
1034491456,2026-06-08T17:52:25.603000+00:00,sell,63453.73,0.00001509,0.95751679
1034491455,2026-06-08T17:52:25.603000+00:00,sell,63453.73,0.0000002,0.01269075
1034491458,2026-06-08T17:52:25.605477+00:00,buy,63453.72,0.00016858,10.69702812
1034491457,2026-06-08T17:52:25.605477+00:00,buy,63453.72,0.000017,1.07871324
1034491459,2026-06-08T17:52:26.014334+00:00,buy,63453.72,0.00000005,0.00317269
1034491460,2026-06-08T17:52:26.072227+00:00,buy,63453.72,0.00000003,0.00190361
1034491461,2026-06-08T17:52:26.636090+00:00,buy,63453.72,0.00000002,0.00126907
1034491462,2026-06-08T17:52:26.943111+00:00,sell,63453.73,0.00015601,9.89941642
1034491463,2026-06-08T17:52:27.213351+00:00,buy,63453.72,0.00000009,0.00571083
1034491464,2026-06-08T17:52:27.246202+00:00,buy,63453.72,0.00000003,0.00190361
1034491465,2026-06-08T17:52:27.356251+00:00,sell,63453.73,0.00014304,9.07642154
1034491467,2026-06-08T17:52:27.700319+00:00,sell,63453.73,0.00014099,8.94634139
1034491466,2026-06-08T17:52:27.700319+00:00,sell,63453.73,0.0000002,0.01269075
1034491468,2026-06-08T17:52:27.904218+00:00,buy,63453.72,0.0000001,0.00634537
1034491476,2026-06-08T17:52:28.363618+00:00,sell,63456.15,0.00366613,232.6384952
1034491475,2026-06-08T17:52:28.363618+00:00,sell,63453.76,0.000001,0.06345376
1034491474,2026-06-08T17:52:28.363618+00:00,sell,63453.76,0.00000095,0.06028107
1034491473,2026-06-08T17:52:28.363618+00:00,sell,63453.74,0.00000028,0.01776705
1034491472,2026-06-08T17:52:28.363618+00:00,sell,63453.73,0.0000002,0.01269075
1034491471,2026-06-08T17:52:28.363618+00:00,sell,63453.73,0.00588591,373.48294394
1034491470,2026-06-08T17:52:28.363618+00:00,sell,63453.73,0.01308586,830.34662726
1034491469,2026-06-08T17:52:28.363618+00:00,sell,63453.73,0.00033178,21.05267854
1034491477,2026-06-08T17:52:28.448891+00:00,buy,63454.01,0.00010449,6.6303095
1034491478,2026-06-08T17:52:28.621297+00:00,buy,63454.27,0.00000006,0.00380726
1034491479,2026-06-08T17:52:28.932648+00:00,sell,63456.01,0.00076569,48.5876323
1034491480,2026-06-08T17:52:29.187525+00:00,sell,63456.01,0.00022964,14.57203814
1034491481,2026-06-08T17:52:29.616957+00:00,buy,63456,0.00000006,0.00380736
1034491482,2026-06-08T17:52:30.035976+00:00,sell,63456.01,0.0000741,4.70209034
1034491483,2026-06-08T17:52:30.036007+00:00,sell,63456.01,0.00030624,19.4327685
1034491485,2026-06-08T17:52:30.176370+00:00,sell,63456.01,0.00017129,10.86937995
1034491484,2026-06-08T17:52:30.176370+00:00,sell,63456.01,0.00012762,8.098256
1034491486,2026-06-08T17:52:30.684501+00:00,sell,63456.01,0.00000047,0.02982432
1034491487,2026-06-08T17:52:30.924595+00:00,sell,63456.01,0.00016755,10.63205448
1034491490,2026-06-08T17:52:30.926455+00:00,sell,63456.23,0.00522686,331.67683034
1034491489,2026-06-08T17:52:30.926455+00:00,sell,63456.01,0.01168234,741.31468386
1034491488,2026-06-08T17:52:30.926455+00:00,sell,63456.01,0.01266069,803.39687125
1034491491,2026-06-08T17:52:30.927729+00:00,sell,63456.23,0.0000156,0.98991719
1034491492,2026-06-08T17:52:30.977656+00:00,buy,63456,0.00000037,0.02347872
1034491493,2026-06-08T17:52:31.362766+00:00,sell,63456.01,0.00015602,9.90040668
1034491494,2026-06-08T17:52:31.458850+00:00,sell,63456.01,0.00015601,9.89977212
1034491495,2026-06-08T17:52:31.511481+00:00,sell,63456.01,0.00038287,24.29540255
1034491496,2026-06-08T17:52:31.554346+00:00,sell,63456.01,0.00468058,297.01093129
1034491497,2026-06-08T17:52:31.638236+00:00,sell,63456.01,0.00191436,121.4776473
1034491498,2026-06-08T17:52:31.696140+00:00,sell,63456.01,0.0390038,2475.02552284
1034491499,2026-06-08T17:52:31.741265+00:00,sell,63456.01,0.00045948,29.15676747
1034491500,2026-06-08T17:52:31.792523+00:00,sell,63456.01,0.00030627,19.43467218
1034491503,2026-06-08T17:52:31.901743+00:00,sell,63457.03,0.00031157,19.77130684
1034491502,2026-06-08T17:52:31.901743+00:00,sell,63456.03,0.00000028,0.01776769
1034491501,2026-06-08T17:52:31.901743+00:00,sell,63456.01,0.00000019,0.01205664
1034491504,2026-06-08T17:52:32.042950+00:00,sell,63457.91,0.00156019,99.0063966
1034491505,2026-06-08T17:52:32.059800+00:00,sell,63457.89,0.00019112,12.12807194
1034491506,2026-06-08T17:52:32.118412+00:00,sell,63457.76,0.00015602,9.90067972
1034491507,2026-06-08T17:52:32.261727+00:00,buy,63457.11,0.00000023,0.01459514
1034491508,2026-06-08T17:52:32.401881+00:00,sell,63457.58,0.00156019,99.00588174
1034491509,2026-06-08T17:52:32.603763+00:00,sell,63457.58,0.00022966,14.57366782
1034491510,2026-06-08T17:52:32.909748+00:00,sell,63457.15,0.00015212,9.65310166
1034491511,2026-06-08T17:52:33.193041+00:00,sell,63457.15,0.00156011,99.00013429
1034491512,2026-06-08T17:52:33.389048+00:00,sell,63457.15,0.00038708,24.56299362
1034491513,2026-06-08T17:52:34.906640+00:00,sell,63457.15,0.00015602,9.90058454
1034491514,2026-06-08T17:52:35.167562+00:00,sell,63457.15,0.00030625,19.43375219
1034491515,2026-06-08T17:52:35.438725+00:00,buy,63457.14,0.00000007,0.004442
1034491519,2026-06-08T17:52:36.093916+00:00,sell,63457.18,0.00000095,0.06028432
1034491518,2026-06-08T17:52:36.093916+00:00,sell,63457.16,0.00000029,0.01840258
1034491517,2026-06-08T17:52:36.093916+00:00,sell,63457.15,0.0000002,0.01269143
1034491516,2026-06-08T17:52:36.093916+00:00,sell,63457.15,0.00553075,350.96563236
1034491523,2026-06-08T17:52:36.752897+00:00,sell,63463.74,0.00558757,354.60808971
1034491522,2026-06-08T17:52:36.752897+00:00,sell,63463.26,0.000018,1.14233868
1034491521,2026-06-08T17:52:36.752897+00:00,sell,63462.48,0.00002324,1.47486804
1034491520,2026-06-08T17:52:36.752897+00:00,sell,63457.6,0.00000119,0.07551454
1034491524,2026-06-08T17:52:37.581515+00:00,buy,63463.73,0.00000083,0.0526749
1034491527,2026-06-08T17:52:38.114969+00:00,sell,63463.74,0.00036365,23.07858905
1034491526,2026-06-08T17:52:38.114969+00:00,sell,63463.74,0.0000941,5.97193793
1034491525,2026-06-08T17:52:38.114969+00:00,sell,63463.74,0.0000017,0.10788836
1034491528,2026-06-08T17:52:38.992494+00:00,buy,63463.73,0.00000012,0.00761565
1034491530,2026-06-08T17:52:39.099485+00:00,sell,63465,0.00138539,87.92377635
1034491529,2026-06-08T17:52:39.099485+00:00,sell,63463.74,0.00641557,407.15606643
1034491531,2026-06-08T17:52:40.022483+00:00,buy,63466.43,0.00000011,0.00698131
1034491532,2026-06-08T17:52:40.156780+00:00,buy,63466.43,0.00159163,101.01507398
1034491534,2026-06-08T17:52:40.652396+00:00,sell,63466.44,0.00686311,435.57715903
1034491533,2026-06-08T17:52:40.652396+00:00,sell,63466.44,0.000018,1.14239592
1034491536,2026-06-08T17:52:40.864372+00:00,sell,63472.17,0.00153874,97.66716687
1034491535,2026-06-08T17:52:40.864372+00:00,sell,63469.62,0.000018,1.14245316
1034491537,2026-06-08T17:52:41.103623+00:00,buy,63472.78,0.00000014,0.00888619
1034491538,2026-06-08T17:52:41.766403+00:00,buy,63472.78,0.00000963,0.61124287
1034491539,2026-06-08T17:52:42.088877+00:00,buy,63472.78,0.00000004,0.00253891
1034491540,2026-06-08T17:52:43.143152+00:00,buy,63472.78,0.0000001,0.00634728
1034491541,2026-06-08T17:52:43.253722+00:00,buy,63472.78,0.00000011,0.00698201
1034491542,2026-06-08T17:52:44.137351+00:00,buy,63472.78,0.00000005,0.00317364
1034491543,2026-06-08T17:52:44.339812+00:00,sell,63472.79,0.00000047,0.02983221
1034491547,2026-06-08T17:52:45.027381+00:00,sell,63472.79,0.00012961,8.22670831
1034491546,2026-06-08T17:52:45.027381+00:00,sell,63472.79,0.00007242,4.59669945
1034491545,2026-06-08T17:52:45.027381+00:00,sell,63472.79,0.00000019,0.01205983
1034491544,2026-06-08T17:52:45.027381+00:00,sell,63472.79,0.00008172,5.1869964
1034491548,2026-06-08T17:52:45.164413+00:00,buy,63472.78,0.0000001,0.00634728
1034491549,2026-06-08T17:52:45.569432+00:00,sell,63472.79,0.00063611,40.37567645
1034491550,2026-06-08T17:52:45.793859+00:00,sell,63472.79,0.0001227,7.78811133
1034491551,2026-06-08T17:52:45.841578+00:00,sell,63472.79,0.00036741,23.32053777
1034491552,2026-06-08T17:52:46.211235+00:00,sell,63472.79,0.00089681,56.9230328
1034491553,2026-06-08T17:52:46.224690+00:00,buy,63472.78,0.00000011,0.00698201
1034491554,2026-06-08T17:52:46.226061+00:00,buy,63472.78,0.00000004,0.00253891
1034491555,2026-06-08T17:52:47.054220+00:00,sell,63472.79,0.00014944,9.48537374
1034491556,2026-06-08T17:52:47.233680+00:00,buy,63472.78,0.00000004,0.00253891
1034491557,2026-06-08T17:52:47.510233+00:00,buy,63472.78,0.00000003,0.00190418
1034491558,2026-06-08T17:52:47.922229+00:00,sell,63472.79,0.00031202,19.80477994
1034491559,2026-06-08T17:52:47.972558+00:00,buy,63472.78,0.0001,6.347278
1034491568,2026-06-08T17:52:48.247004+00:00,sell,63474.23,0.00288288,182.98858818
1034491567,2026-06-08T17:52:48.247004+00:00,sell,63472.82,0.00000095,0.06029918
1034491566,2026-06-08T17:52:48.247004+00:00,sell,63472.82,0.000001,0.06347282
1034491565,2026-06-08T17:52:48.247004+00:00,sell,63472.82,0.0000009,0.05712554
1034491564,2026-06-08T17:52:48.247004+00:00,sell,63472.8,0.00000028,0.01777238
1034491563,2026-06-08T17:52:48.247004+00:00,sell,63472.8,0.000018,1.1425104
1034491562,2026-06-08T17:52:48.247004+00:00,sell,63472.79,0.00000019,0.01205983
1034491561,2026-06-08T17:52:48.247004+00:00,sell,63472.79,0.00010567,6.70716972
1034491560,2026-06-08T17:52:48.247004+00:00,sell,63472.79,0.00081769,51.90106566
1034491569,2026-06-08T17:52:48.303971+00:00,buy,63474.23,0.00000006,0.00380845
1034491572,2026-06-08T17:52:49.006713+00:00,sell,63474.28,0.00000083,0.05268365
1034491571,2026-06-08T17:52:49.006713+00:00,sell,63474.24,0.01336049,848.04694878
1034491570,2026-06-08T17:52:49.006713+00:00,sell,63474.24,0.00157496,99.96938903
1034491576,2026-06-08T17:52:49.029876+00:00,sell,63477.02,0.01493545,948.05785836
1034491575,2026-06-08T17:52:49.029876+00:00,sell,63476.71,0.01327104,842.40195748
1034491574,2026-06-08T17:52:49.029876+00:00,sell,63475.98,0.00157496,99.97212946
1034491573,2026-06-08T17:52:49.029876+00:00,sell,63475.98,0.000018,1.14256764
1034491577,2026-06-08T17:52:49.032438+00:00,sell,63477.53,0.0097,615.732041
1034491579,2026-06-08T17:52:49.032567+00:00,sell,63479.16,0.000018,1.14262488
1034491578,2026-06-08T17:52:49.032567+00:00,sell,63478.87,0.03151063,2000.25918539
1034491582,2026-06-08T17:52:49.033672+00:00,sell,63480,0.01,634.8
1034491581,2026-06-08T17:52:49.033672+00:00,sell,63479.99,0.04742616,3010.61216254
1034491580,2026-06-08T17:52:49.033672+00:00,sell,63479.99,0.02371308,1505.30608127
1034491583,2026-06-08T17:52:49.379887+00:00,buy,63482,0.00000008,0.00507856
1034491584,2026-06-08T17:52:49.399805+00:00,buy,63482,0.00000003,0.00190446
1034491585,2026-06-08T17:52:49.936097+00:00,sell,63482.01,0.00109101,69.25950773
1034491586,2026-06-08T17:52:49.955849+00:00,buy,63482,0.0000002,0.0126964
1034491587,2026-06-08T17:52:50.186343+00:00,sell,63482.01,0.00003134,1.98952619
1034491588,2026-06-08T17:52:50.542678+00:00,sell,63482.01,0.00077986,49.50708032
1034491589,2026-06-08T17:52:51.337081+00:00,sell,63482.01,0.00428868,272.25402665
1034491590,2026-06-08T17:52:51.393078+00:00,buy,63482,0.00000004,0.00253928
1034491591,2026-06-08T17:52:52.447510+00:00,buy,63482,0.00000011,0.00698302
1034491592,2026-06-08T17:52:52.901651+00:00,sell,63482.01,0.00160757,102.05177482
