venue,pair,snapshot_at_utc,trade_id,side,price,size_base,notional_quote,exchange_time_raw,normalized_time_utc
CoinW,BTC_USDT,2026-05-21T12:07:05Z,151208281,BUY,77206.34,0.0005,38.60317,2026-05-21 20:07:06,2026-05-21T12:07:06Z
CoinW,BTC_USDT,2026-05-21T12:07:05Z,151208280,SELL,77206.35,0.0006,46.32381,2026-05-21 20:07:05,2026-05-21T12:07:05Z
CoinW,BTC_USDT,2026-05-21T12:07:05Z,151208279,SELL,77199.09,0.001,77.19909,2026-05-21 20:07:01,2026-05-21T12:07:01Z
CoinW,BTC_USDT,2026-05-21T12:07:05Z,151208278,SELL,77199.1,0.0002,15.43982,2026-05-21 20:06:59,2026-05-21T12:06:59Z
CoinW,BTC_USDT,2026-05-21T12:07:05Z,151208277,SELL,77199.15,0.0011,84.919065,2026-05-21 20:06:57,2026-05-21T12:06:57Z
CoinW,BTC_USDT,2026-05-21T12:07:05Z,151208276,SELL,77199.15,0.0008,61.75932,2026-05-21 20:06:57,2026-05-21T12:06:57Z
CoinW,BTC_USDT,2026-05-21T12:07:05Z,151208275,BUY,77199.15,0.1277,9858.331455,2026-05-21 20:06:56,2026-05-21T12:06:56Z
CoinW,BTC_USDT,2026-05-21T12:07:05Z,151208274,SELL,77199.15,0.0003,23.159745,2026-05-21 20:06:54,2026-05-21T12:06:54Z
CoinW,BTC_USDT,2026-05-21T12:07:05Z,151208273,SELL,77199.23,0.1055,8144.518765,2026-05-21 20:06:52,2026-05-21T12:06:52Z
CoinW,BTC_USDT,2026-05-21T12:07:05Z,151208272,BUY,77211.04,0.0012,92.653248,2026-05-21 20:06:44,2026-05-21T12:06:44Z
CoinW,BTC_USDT,2026-05-21T12:07:05Z,151208271,SELL,77222.74,0.2062,15923.328988,2026-05-21 20:06:40,2026-05-21T12:06:40Z
CoinW,BTC_USDT,2026-05-21T12:07:05Z,151208270,SELL,77222.74,0.0006,46.333644,2026-05-21 20:06:40,2026-05-21T12:06:40Z
CoinW,BTC_USDT,2026-05-21T12:07:05Z,151208269,SELL,77222.73,0.0546,4216.361058,2026-05-21 20:06:39,2026-05-21T12:06:39Z
CoinW,BTC_USDT,2026-05-21T12:07:05Z,151208268,SELL,77222.73,0.0524,4046.471052,2026-05-21 20:06:39,2026-05-21T12:06:39Z
CoinW,BTC_USDT,2026-05-21T12:07:05Z,151208267,SELL,77222.73,0.0729,5629.537017,2026-05-21 20:06:39,2026-05-21T12:06:39Z
CoinW,BTC_USDT,2026-05-21T12:07:05Z,151208266,SELL,77222.73,0.0375,2895.852375,2026-05-21 20:06:39,2026-05-21T12:06:39Z
CoinW,BTC_USDT,2026-05-21T12:07:05Z,151208265,SELL,77222.73,0.0276,2131.347348,2026-05-21 20:06:39,2026-05-21T12:06:39Z
CoinW,BTC_USDT,2026-05-21T12:07:05Z,151208264,SELL,77223.65,2.6078,201383.83447,2026-05-21 20:06:37,2026-05-21T12:06:37Z
CoinW,BTC_USDT,2026-05-21T12:07:05Z,151208263,BUY,77227.94,0.0014,108.119116,2026-05-21 20:06:34,2026-05-21T12:06:34Z
CoinW,BTC_USDT,2026-05-21T12:07:05Z,151208262,SELL,77227.92,0.3193,24658.874856,2026-05-21 20:06:31,2026-05-21T12:06:31Z
CoinW,BTC_USDT,2026-05-21T12:07:05Z,151208261,SELL,77227.95,0.0011,84.950745,2026-05-21 20:06:29,2026-05-21T12:06:29Z
CoinW,BTC_USDT,2026-05-21T12:07:05Z,151208260,BUY,77227.72,0.0004,30.891088,2026-05-21 20:06:27,2026-05-21T12:06:27Z
CoinW,BTC_USDT,2026-05-21T12:07:05Z,151208259,BUY,77225.24,1.8117,139908.967308,2026-05-21 20:06:25,2026-05-21T12:06:25Z
CoinW,BTC_USDT,2026-05-21T12:07:05Z,151208258,SELL,77225.35,0.0011,84.947885,2026-05-21 20:06:23,2026-05-21T12:06:23Z
CoinW,BTC_USDT,2026-05-21T12:07:05Z,151208257,SELL,77225.34,0.0007,54.057738,2026-05-21 20:06:21,2026-05-21T12:06:21Z
CoinW,BTC_USDT,2026-05-21T12:07:05Z,151208256,SELL,77225.26,0.0002,15.445052,2026-05-21 20:06:19,2026-05-21T12:06:19Z
CoinW,BTC_USDT,2026-05-21T12:07:05Z,151208255,SELL,77239.33,0.0403,3112.744999,2026-05-21 20:06:08,2026-05-21T12:06:08Z
CoinW,BTC_USDT,2026-05-21T12:07:05Z,151208254,SELL,77239.33,0.0358,2765.168014,2026-05-21 20:06:08,2026-05-21T12:06:08Z
CoinW,BTC_USDT,2026-05-21T12:07:05Z,151208253,SELL,77239.33,0.0593,4580.292269,2026-05-21 20:06:08,2026-05-21T12:06:08Z
CoinW,BTC_USDT,2026-05-21T12:07:05Z,151208252,SELL,77239.33,0.0264,2039.118312,2026-05-21 20:06:08,2026-05-21T12:06:08Z
CoinW,BTC_USDT,2026-05-21T12:07:05Z,151208251,SELL,77239.33,0.0817,6310.453261,2026-05-21 20:06:08,2026-05-21T12:06:08Z
CoinW,BTC_USDT,2026-05-21T12:07:05Z,151208250,SELL,77239.35,0.0005,38.619675,2026-05-21 20:06:07,2026-05-21T12:06:07Z
CoinW,BTC_USDT,2026-05-21T12:07:05Z,151208249,SELL,77243.74,0.1584,12235.408416,2026-05-21 20:06:04,2026-05-21T12:06:04Z
CoinW,BTC_USDT,2026-05-21T12:07:05Z,151208248,SELL,77243.74,0.4097,31646.760278,2026-05-21 20:06:04,2026-05-21T12:06:04Z
CoinW,BTC_USDT,2026-05-21T12:07:05Z,151208247,SELL,77234.35,0.0005,38.617175,2026-05-21 20:05:57,2026-05-21T12:05:57Z
CoinW,BTC_USDT,2026-05-21T12:07:05Z,151208246,SELL,77251.65,1.4071,108700.796715,2026-05-21 20:05:55,2026-05-21T12:05:55Z
CoinW,BTC_USDT,2026-05-21T12:07:05Z,151208245,SELL,77251.65,0.0591,4565.572515,2026-05-21 20:05:48,2026-05-21T12:05:48Z
CoinW,BTC_USDT,2026-05-21T12:07:05Z,151208244,SELL,77251.64,0.0008,61.801312,2026-05-21 20:05:46,2026-05-21T12:05:46Z
CoinW,BTC_USDT,2026-05-21T12:07:05Z,151208243,SELL,77247.65,0.0009,69.522885,2026-05-21 20:05:38,2026-05-21T12:05:38Z
CoinW,BTC_USDT,2026-05-21T12:07:05Z,151208242,BUY,77247.65,0.001,77.24765,2026-05-21 20:05:37,2026-05-21T12:05:37Z
CoinW,BTC_USDT,2026-05-21T12:07:05Z,151208241,BUY,77247.65,3.569,275696.86285,2026-05-21 20:05:37,2026-05-21T12:05:37Z
CoinW,BTC_USDT,2026-05-21T12:07:05Z,151208240,BUY,77247.65,0.001,77.24765,2026-05-21 20:05:37,2026-05-21T12:05:37Z
CoinW,BTC_USDT,2026-05-21T12:07:05Z,151208239,SELL,77252.61,0.7429,57390.963969,2026-05-21 20:05:32,2026-05-21T12:05:32Z
CoinW,BTC_USDT,2026-05-21T12:07:05Z,151208238,SELL,77269.05,1.5032,116150.83596,2026-05-21 20:05:28,2026-05-21T12:05:28Z
CoinW,BTC_USDT,2026-05-21T12:07:05Z,151208237,SELL,77269.05,3.7108,286729.99074,2026-05-21 20:05:28,2026-05-21T12:05:28Z
CoinW,BTC_USDT,2026-05-21T12:07:05Z,151208236,SELL,77269.05,1.5032,116150.83596,2026-05-21 20:05:28,2026-05-21T12:05:28Z
CoinW,BTC_USDT,2026-05-21T12:07:05Z,151208235,SELL,77269.05,0.565,43657.01325,2026-05-21 20:05:24,2026-05-21T12:05:24Z
CoinW,BTC_USDT,2026-05-21T12:07:05Z,151208234,SELL,77269.05,5.0884,393175.83402,2026-05-21 20:05:24,2026-05-21T12:05:24Z
CoinW,BTC_USDT,2026-05-21T12:07:05Z,151208233,SELL,77270.05,5.0883,393173.195415,2026-05-21 20:05:22,2026-05-21T12:05:22Z
CoinW,BTC_USDT,2026-05-21T12:07:05Z,151208232,SELL,77270.04,0.0007,54.089028,2026-05-21 20:05:20,2026-05-21T12:05:20Z
CoinW,ETH_USDT,2026-05-21T12:07:05Z,73386523,BUY,2114.36,0.4722,998.400792,2026-05-21 20:07:06,2026-05-21T12:07:06Z
CoinW,ETH_USDT,2026-05-21T12:07:05Z,73386522,SELL,2114.36,0.219,463.04484,2026-05-21 20:07:05,2026-05-21T12:07:05Z
CoinW,ETH_USDT,2026-05-21T12:07:05Z,73386521,BUY,2114.23,0.4238,896.010674,2026-05-21 20:07:03,2026-05-21T12:07:03Z
CoinW,ETH_USDT,2026-05-21T12:07:05Z,73386520,SELL,2114.22,1.9092,4036.468824,2026-05-21 20:07:03,2026-05-21T12:07:03Z
CoinW,ETH_USDT,2026-05-21T12:07:05Z,73386519,BUY,2114.01,5.2297,11055.638097,2026-05-21 20:06:53,2026-05-21T12:06:53Z
CoinW,ETH_USDT,2026-05-21T12:07:05Z,73386518,BUY,2114.02,0.225,475.6545,2026-05-21 20:06:51,2026-05-21T12:06:51Z
CoinW,ETH_USDT,2026-05-21T12:07:05Z,73386517,BUY,2114.02,0.1631,344.796662,2026-05-21 20:06:50,2026-05-21T12:06:50Z
CoinW,ETH_USDT,2026-05-21T12:07:05Z,73386516,SELL,2114.02,13.8215,29218.92743,2026-05-21 20:06:49,2026-05-21T12:06:49Z
CoinW,ETH_USDT,2026-05-21T12:07:05Z,73386515,BUY,2114.01,8.895,18804.11895,2026-05-21 20:06:48,2026-05-21T12:06:48Z
CoinW,ETH_USDT,2026-05-21T12:07:05Z,73386514,BUY,2114.36,0.3505,741.08318,2026-05-21 20:06:43,2026-05-21T12:06:43Z
CoinW,ETH_USDT,2026-05-21T12:07:05Z,73386513,BUY,2114.36,10.1101,21376.391036,2026-05-21 20:06:41,2026-05-21T12:06:41Z
CoinW,ETH_USDT,2026-05-21T12:07:05Z,73386512,SELL,2115.12,0.2404,508.474848,2026-05-21 20:06:26,2026-05-21T12:06:26Z
CoinW,ETH_USDT,2026-05-21T12:07:05Z,73386511,SELL,2115.12,7.8325,16566.6774,2026-05-21 20:06:24,2026-05-21T12:06:24Z
CoinW,ETH_USDT,2026-05-21T12:07:05Z,73386510,SELL,2115.12,4.355,9211.3476,2026-05-21 20:06:19,2026-05-21T12:06:19Z
CoinW,ETH_USDT,2026-05-21T12:07:05Z,73386509,BUY,2115.12,0.4226,893.849712,2026-05-21 20:06:17,2026-05-21T12:06:17Z
CoinW,ETH_USDT,2026-05-21T12:07:05Z,73386508,SELL,2114.96,2.8913,6114.983848,2026-05-21 20:06:00,2026-05-21T12:06:00Z
CoinW,ETH_USDT,2026-05-21T12:07:05Z,73386507,BUY,2115.35,0.3497,739.737895,2026-05-21 20:05:54,2026-05-21T12:05:54Z
CoinW,ETH_USDT,2026-05-21T12:07:05Z,73386506,BUY,2115.6,0.1634,345.68904,2026-05-21 20:05:52,2026-05-21T12:05:52Z
CoinW,ETH_USDT,2026-05-21T12:07:05Z,73386505,SELL,2115.26,0.3938,832.989388,2026-05-21 20:05:46,2026-05-21T12:05:46Z
CoinW,ETH_USDT,2026-05-21T12:07:05Z,73386504,BUY,2115.27,0.1029,217.661283,2026-05-21 20:05:44,2026-05-21T12:05:44Z
CoinW,ETH_USDT,2026-05-21T12:07:05Z,73386503,SELL,2115.27,0.3636,769.112172,2026-05-21 20:05:42,2026-05-21T12:05:42Z
CoinW,ETH_USDT,2026-05-21T12:07:05Z,73386502,SELL,2115.27,71.3715,150969.992805,2026-05-21 20:05:42,2026-05-21T12:05:42Z
CoinW,ETH_USDT,2026-05-21T12:07:05Z,73386501,SELL,2115.38,4.7163,9976.766694,2026-05-21 20:05:34,2026-05-21T12:05:34Z
CoinW,ETH_USDT,2026-05-21T12:07:05Z,73386500,BUY,2115.37,0.8015,1695.469055,2026-05-21 20:05:32,2026-05-21T12:05:32Z
CoinW,ETH_USDT,2026-05-21T12:07:05Z,73386499,SELL,2116.19,0.1965,415.831335,2026-05-21 20:05:14,2026-05-21T12:05:14Z
CoinW,ETH_USDT,2026-05-21T12:07:05Z,73386498,BUY,2116.19,0.206,435.93514,2026-05-21 20:05:05,2026-05-21T12:05:05Z
CoinW,ETH_USDT,2026-05-21T12:07:05Z,73386497,BUY,2116.65,1.7091,3617.566515,2026-05-21 20:04:53,2026-05-21T12:04:53Z
CoinW,ETH_USDT,2026-05-21T12:07:05Z,73386496,SELL,2116.65,15.6295,33082.181175,2026-05-21 20:04:48,2026-05-21T12:04:48Z
CoinW,ETH_USDT,2026-05-21T12:07:05Z,73386495,SELL,2116.65,0.3873,819.778545,2026-05-21 20:04:47,2026-05-21T12:04:47Z
CoinW,ETH_USDT,2026-05-21T12:07:05Z,73386494,SELL,2116.1,0.2414,510.82654,2026-05-21 20:04:37,2026-05-21T12:04:37Z
CoinW,ETH_USDT,2026-05-21T12:07:05Z,73386493,SELL,2116.1,0.1688,357.19768,2026-05-21 20:04:36,2026-05-21T12:04:36Z
CoinW,ETH_USDT,2026-05-21T12:07:05Z,73386492,BUY,2116.1,0.2846,602.24206,2026-05-21 20:04:34,2026-05-21T12:04:34Z
CoinW,ETH_USDT,2026-05-21T12:07:05Z,73386491,BUY,2116.1,4.4445,9405.00645,2026-05-21 20:04:30,2026-05-21T12:04:30Z
CoinW,ETH_USDT,2026-05-21T12:07:05Z,73386490,BUY,2116.1,2.853,6037.2333,2026-05-21 20:04:28,2026-05-21T12:04:28Z
CoinW,ETH_USDT,2026-05-21T12:07:05Z,73386489,SELL,2116.34,0.3351,709.185534,2026-05-21 20:04:21,2026-05-21T12:04:21Z
CoinW,ETH_USDT,2026-05-21T12:07:05Z,73386488,SELL,2116.36,0.35,740.726,2026-05-21 20:04:15,2026-05-21T12:04:15Z
CoinW,ETH_USDT,2026-05-21T12:07:05Z,73386487,SELL,2116.36,3.4094,7215.517784,2026-05-21 20:04:15,2026-05-21T12:04:15Z
CoinW,ETH_USDT,2026-05-21T12:07:05Z,73386486,SELL,2116.36,18.8795,39955.81862,2026-05-21 20:04:15,2026-05-21T12:04:15Z
CoinW,ETH_USDT,2026-05-21T12:07:05Z,73386485,SELL,2116.36,3.4094,7215.517784,2026-05-21 20:04:15,2026-05-21T12:04:15Z
CoinW,ETH_USDT,2026-05-21T12:07:05Z,73386484,BUY,2116.03,0.2263,478.857589,2026-05-21 20:04:05,2026-05-21T12:04:05Z
CoinW,ETH_USDT,2026-05-21T12:07:05Z,73386483,BUY,2115.97,0.2095,443.295715,2026-05-21 20:03:55,2026-05-21T12:03:55Z
CoinW,ETH_USDT,2026-05-21T12:07:05Z,73386482,BUY,2115.97,1.2432,2630.573904,2026-05-21 20:03:54,2026-05-21T12:03:54Z
CoinW,ETH_USDT,2026-05-21T12:07:05Z,73386481,SELL,2115.97,0.3492,738.896724,2026-05-21 20:03:47,2026-05-21T12:03:47Z
CoinW,ETH_USDT,2026-05-21T12:07:05Z,73386480,BUY,2115.96,0.3262,690.226152,2026-05-21 20:03:46,2026-05-21T12:03:46Z
CoinW,ETH_USDT,2026-05-21T12:07:05Z,73386479,SELL,2115.97,0.3902,825.651494,2026-05-21 20:03:43,2026-05-21T12:03:43Z
CoinW,ETH_USDT,2026-05-21T12:07:05Z,73386478,BUY,2115.6,0.4291,907.80396,2026-05-21 20:03:32,2026-05-21T12:03:32Z
CoinW,ETH_USDT,2026-05-21T12:07:05Z,73386477,SELL,2115.78,0.0569,120.387882,2026-05-21 20:03:21,2026-05-21T12:03:21Z
CoinW,ETH_USDT,2026-05-21T12:07:05Z,73386476,SELL,2116.07,0.2585,547.004095,2026-05-21 20:03:10,2026-05-21T12:03:10Z
CoinW,ETH_USDT,2026-05-21T12:07:05Z,73386475,SELL,2116.08,0.0485,102.62988,2026-05-21 20:03:09,2026-05-21T12:03:09Z
CoinW,ETH_USDT,2026-05-21T12:07:05Z,73386474,SELL,2116.04,0.2796,591.644784,2026-05-21 20:03:08,2026-05-21T12:03:08Z
CoinW,SOL_USDT,2026-05-21T12:07:05Z,64206334,BUY,85.585,1.679,143.697215,2026-05-21 20:07:07,2026-05-21T12:07:07Z
CoinW,SOL_USDT,2026-05-21T12:07:05Z,64206333,SELL,85.58499,1.679,143.69719821,2026-05-21 20:07:06,2026-05-21T12:07:06Z
CoinW,SOL_USDT,2026-05-21T12:07:05Z,64206332,SELL,85.63461,5.803,496.93764183,2026-05-21 20:07:05,2026-05-21T12:07:05Z
CoinW,SOL_USDT,2026-05-21T12:07:05Z,64206331,BUY,85.585,1.679,143.697215,2026-05-21 20:07:05,2026-05-21T12:07:05Z
CoinW,SOL_USDT,2026-05-21T12:07:05Z,64206330,SELL,85.63416,3.332,285.33302112,2026-05-21 20:07:04,2026-05-21T12:07:04Z
CoinW,SOL_USDT,2026-05-21T12:07:05Z,64206329,SELL,85.59501,1.679,143.71402179,2026-05-21 20:07:04,2026-05-21T12:07:04Z
CoinW,SOL_USDT,2026-05-21T12:07:05Z,64206328,SELL,85.59499,1.796,153.72860204,2026-05-21 20:07:03,2026-05-21T12:07:03Z
CoinW,SOL_USDT,2026-05-21T12:07:05Z,64206327,SELL,85.58501,1.883,161.15657383,2026-05-21 20:07:02,2026-05-21T12:07:02Z
CoinW,SOL_USDT,2026-05-21T12:07:05Z,64206326,SELL,85.63619,1.386,118.69175934,2026-05-21 20:07:02,2026-05-21T12:07:02Z
CoinW,SOL_USDT,2026-05-21T12:07:05Z,64206325,BUY,85.585,10.163,869.800355,2026-05-21 20:07:01,2026-05-21T12:07:01Z
CoinW,SOL_USDT,2026-05-21T12:07:05Z,64206324,BUY,85.58499,10.163,869.80025337,2026-05-21 20:07:00,2026-05-21T12:07:00Z
CoinW,SOL_USDT,2026-05-21T12:07:05Z,64206323,SELL,85.585,10.163,869.800355,2026-05-21 20:06:59,2026-05-21T12:06:59Z
CoinW,SOL_USDT,2026-05-21T12:07:05Z,64206322,BUY,85.63676,1.635,140.0161026,2026-05-21 20:06:59,2026-05-21T12:06:59Z
CoinW,SOL_USDT,2026-05-21T12:07:05Z,64206321,SELL,85.58501,10.163,869.80045663,2026-05-21 20:06:59,2026-05-21T12:06:59Z
CoinW,SOL_USDT,2026-05-21T12:07:05Z,64206320,BUY,85.6371,4.104,351.4546584,2026-05-21 20:06:58,2026-05-21T12:06:58Z
CoinW,SOL_USDT,2026-05-21T12:07:05Z,64206319,SELL,85.58501,10.163,869.80045663,2026-05-21 20:06:58,2026-05-21T12:06:58Z
CoinW,SOL_USDT,2026-05-21T12:07:05Z,64206318,SELL,85.58499,11.702,1001.51555298,2026-05-21 20:06:57,2026-05-21T12:06:57Z
CoinW,SOL_USDT,2026-05-21T12:07:05Z,64206317,SELL,85.57501,12.818,1096.90047818,2026-05-21 20:06:56,2026-05-21T12:06:56Z
CoinW,SOL_USDT,2026-05-21T12:07:05Z,64206316,SELL,85.6364,1.99,170.416436,2026-05-21 20:06:56,2026-05-21T12:06:56Z
CoinW,SOL_USDT,2026-05-21T12:07:05Z,64206315,SELL,85.63797,3.018,258.45539346,2026-05-21 20:06:54,2026-05-21T12:06:54Z
CoinW,SOL_USDT,2026-05-21T12:07:05Z,64206314,SELL,85.575,6.905,590.895375,2026-05-21 20:06:53,2026-05-21T12:06:53Z
CoinW,SOL_USDT,2026-05-21T12:07:05Z,64206313,BUY,85.57501,6.905,590.89544405,2026-05-21 20:06:53,2026-05-21T12:06:53Z
CoinW,SOL_USDT,2026-05-21T12:07:05Z,64206312,BUY,85.63817,148.904,12751.86606568,2026-05-21 20:06:53,2026-05-21T12:06:53Z
CoinW,SOL_USDT,2026-05-21T12:07:05Z,64206311,BUY,85.57499,6.905,590.89530595,2026-05-21 20:06:52,2026-05-21T12:06:52Z
CoinW,SOL_USDT,2026-05-21T12:07:05Z,64206310,SELL,85.57501,6.905,590.89544405,2026-05-21 20:06:50,2026-05-21T12:06:50Z
CoinW,SOL_USDT,2026-05-21T12:07:05Z,64206309,BUY,85.575,6.905,590.895375,2026-05-21 20:06:49,2026-05-21T12:06:49Z
CoinW,SOL_USDT,2026-05-21T12:07:05Z,64206308,SELL,85.63944,3.249,278.24254056,2026-05-21 20:06:49,2026-05-21T12:06:49Z
CoinW,SOL_USDT,2026-05-21T12:07:05Z,64206307,SELL,85.57499,6.905,590.89530595,2026-05-21 20:06:48,2026-05-21T12:06:48Z
CoinW,SOL_USDT,2026-05-21T12:07:05Z,64206306,SELL,85.575,6.905,590.895375,2026-05-21 20:06:47,2026-05-21T12:06:47Z
CoinW,SOL_USDT,2026-05-21T12:07:05Z,64206305,BUY,85.6374,3.398,290.9958852,2026-05-21 20:06:46,2026-05-21T12:06:46Z
CoinW,SOL_USDT,2026-05-21T12:07:05Z,64206304,SELL,85.57501,6.905,590.89544405,2026-05-21 20:06:46,2026-05-21T12:06:46Z
CoinW,SOL_USDT,2026-05-21T12:07:05Z,64206303,BUY,85.60499,0.439,37.58059061,2026-05-21 20:06:45,2026-05-21T12:06:45Z
CoinW,SOL_USDT,2026-05-21T12:07:05Z,64206302,BUY,85.63677,3.238,277.29186126,2026-05-21 20:06:44,2026-05-21T12:06:44Z
CoinW,SOL_USDT,2026-05-21T12:07:05Z,64206301,SELL,85.60501,0.439,37.58059939,2026-05-21 20:06:44,2026-05-21T12:06:44Z
CoinW,SOL_USDT,2026-05-21T12:07:05Z,64206300,SELL,85.605,0.439,37.580595,2026-05-21 20:06:43,2026-05-21T12:06:43Z
CoinW,SOL_USDT,2026-05-21T12:07:05Z,64206299,SELL,85.60499,0.439,37.58059061,2026-05-21 20:06:42,2026-05-21T12:06:42Z
CoinW,SOL_USDT,2026-05-21T12:07:05Z,64206298,SELL,85.63837,1.732,148.32565684,2026-05-21 20:06:41,2026-05-21T12:06:41Z
CoinW,SOL_USDT,2026-05-21T12:07:05Z,64206297,SELL,85.63837,20.343,1742.14136091,2026-05-21 20:06:41,2026-05-21T12:06:41Z
CoinW,SOL_USDT,2026-05-21T12:07:05Z,64206296,SELL,85.63837,1.732,148.32565684,2026-05-21 20:06:41,2026-05-21T12:06:41Z
CoinW,SOL_USDT,2026-05-21T12:07:05Z,64206295,SELL,85.605,0.439,37.580595,2026-05-21 20:06:41,2026-05-21T12:06:41Z
CoinW,SOL_USDT,2026-05-21T12:07:05Z,64206294,BUY,85.61501,0.439,37.58498939,2026-05-21 20:06:40,2026-05-21T12:06:40Z
CoinW,SOL_USDT,2026-05-21T12:07:05Z,64206293,SELL,85.61501,0.431,36.90006931,2026-05-21 20:06:38,2026-05-21T12:06:38Z
CoinW,SOL_USDT,2026-05-21T12:07:05Z,64206292,BUY,85.615,0.431,36.900065,2026-05-21 20:06:37,2026-05-21T12:06:37Z
CoinW,SOL_USDT,2026-05-21T12:07:05Z,64206291,SELL,85.625,0.431,36.904375,2026-05-21 20:06:36,2026-05-21T12:06:36Z
CoinW,SOL_USDT,2026-05-21T12:07:05Z,64206290,BUY,85.62501,0.358,30.65375358,2026-05-21 20:06:35,2026-05-21T12:06:35Z
CoinW,SOL_USDT,2026-05-21T12:07:05Z,64206289,SELL,85.64052,5.299,453.80911548,2026-05-21 20:06:34,2026-05-21T12:06:34Z
CoinW,SOL_USDT,2026-05-21T12:07:05Z,64206288,SELL,85.63499,0.165,14.12977335,2026-05-21 20:06:33,2026-05-21T12:06:33Z
CoinW,SOL_USDT,2026-05-21T12:07:05Z,64206287,SELL,85.63501,0.165,14.12977665,2026-05-21 20:06:32,2026-05-21T12:06:32Z
CoinW,SOL_USDT,2026-05-21T12:07:05Z,64206286,SELL,85.64023,1.689,144.64634847,2026-05-21 20:06:32,2026-05-21T12:06:32Z
CoinW,SOL_USDT,2026-05-21T12:07:05Z,64206285,SELL,85.635,0.165,14.129775,2026-05-21 20:06:31,2026-05-21T12:06:31Z
CoinW,XRP_USDT,2026-05-21T12:07:05Z,24527573,BUY,1.364,3766.3,5137.2332,2026-05-21 20:07:01,2026-05-21T12:07:01Z
CoinW,XRP_USDT,2026-05-21T12:07:05Z,24527572,SELL,1.364,3900.8,5320.6912,2026-05-21 20:06:43,2026-05-21T12:06:43Z
CoinW,XRP_USDT,2026-05-21T12:07:05Z,24527571,SELL,1.364,170.1,232.0164,2026-05-21 20:06:23,2026-05-21T12:06:23Z
CoinW,XRP_USDT,2026-05-21T12:07:05Z,24527570,SELL,1.364,9186.7,12530.6588,2026-05-21 20:06:23,2026-05-21T12:06:23Z
CoinW,XRP_USDT,2026-05-21T12:07:05Z,24527569,SELL,1.365,834.7,1139.3655,2026-05-21 20:06:12,2026-05-21T12:06:12Z
CoinW,XRP_USDT,2026-05-21T12:07:05Z,24527568,SELL,1.365,313.6,428.064,2026-05-21 20:06:12,2026-05-21T12:06:12Z
CoinW,XRP_USDT,2026-05-21T12:07:05Z,24527567,BUY,1.365,4851.1,6621.7515,2026-05-21 20:05:55,2026-05-21T12:05:55Z
CoinW,XRP_USDT,2026-05-21T12:07:05Z,24527566,BUY,1.364,8136.7,11098.4588,2026-05-21 20:05:50,2026-05-21T12:05:50Z
CoinW,XRP_USDT,2026-05-21T12:07:05Z,24527565,SELL,1.365,183.4,250.341,2026-05-21 20:05:45,2026-05-21T12:05:45Z
CoinW,XRP_USDT,2026-05-21T12:07:05Z,24527564,SELL,1.366,7771.5,10615.869,2026-05-21 20:05:26,2026-05-21T12:05:26Z
CoinW,XRP_USDT,2026-05-21T12:07:05Z,24527563,BUY,1.365,223.4,304.941,2026-05-21 20:05:12,2026-05-21T12:05:12Z
CoinW,XRP_USDT,2026-05-21T12:07:05Z,24527562,SELL,1.365,929,1268.085,2026-05-21 20:05:06,2026-05-21T12:05:06Z
CoinW,XRP_USDT,2026-05-21T12:07:05Z,24527561,SELL,1.366,262.3,358.3018,2026-05-21 20:04:53,2026-05-21T12:04:53Z
CoinW,XRP_USDT,2026-05-21T12:07:05Z,24527560,BUY,1.366,6362.5,8691.175,2026-05-21 20:04:44,2026-05-21T12:04:44Z
CoinW,XRP_USDT,2026-05-21T12:07:05Z,24527559,BUY,1.366,610.8,834.3528,2026-05-21 20:04:44,2026-05-21T12:04:44Z
CoinW,XRP_USDT,2026-05-21T12:07:05Z,24527558,BUY,1.366,73.3,100.1278,2026-05-21 20:04:33,2026-05-21T12:04:33Z
CoinW,XRP_USDT,2026-05-21T12:07:05Z,24527557,SELL,1.366,1637.3,2236.5518,2026-05-21 20:04:18,2026-05-21T12:04:18Z
CoinW,XRP_USDT,2026-05-21T12:07:05Z,24527556,SELL,1.366,1791.4,2447.0524,2026-05-21 20:04:07,2026-05-21T12:04:07Z
CoinW,XRP_USDT,2026-05-21T12:07:05Z,24527555,SELL,1.366,3111.2,4249.8992,2026-05-21 20:04:07,2026-05-21T12:04:07Z
CoinW,XRP_USDT,2026-05-21T12:07:05Z,24527554,SELL,1.366,1791.4,2447.0524,2026-05-21 20:04:07,2026-05-21T12:04:07Z
CoinW,XRP_USDT,2026-05-21T12:07:05Z,24527553,BUY,1.366,494.3,675.2138,2026-05-21 20:03:57,2026-05-21T12:03:57Z
CoinW,XRP_USDT,2026-05-21T12:07:05Z,24527552,BUY,1.366,1186.7,1621.0322,2026-05-21 20:03:50,2026-05-21T12:03:50Z
CoinW,XRP_USDT,2026-05-21T12:07:05Z,24527551,SELL,1.366,1186.7,1621.0322,2026-05-21 20:03:45,2026-05-21T12:03:45Z
CoinW,XRP_USDT,2026-05-21T12:07:05Z,24527550,BUY,1.366,1724.7,2355.9402,2026-05-21 20:03:25,2026-05-21T12:03:25Z
CoinW,XRP_USDT,2026-05-21T12:07:05Z,24527549,SELL,1.366,586,800.476,2026-05-21 20:03:20,2026-05-21T12:03:20Z
CoinW,XRP_USDT,2026-05-21T12:07:05Z,24527548,SELL,1.366,231,315.546,2026-05-21 20:02:57,2026-05-21T12:02:57Z
CoinW,XRP_USDT,2026-05-21T12:07:05Z,24527547,BUY,1.365,7676.6,10478.559,2026-05-21 20:02:49,2026-05-21T12:02:49Z
CoinW,XRP_USDT,2026-05-21T12:07:05Z,24527546,BUY,1.364,73.3,99.9812,2026-05-21 20:02:44,2026-05-21T12:02:44Z
CoinW,XRP_USDT,2026-05-21T12:07:05Z,24527545,SELL,1.365,5083.3,6938.7045,2026-05-21 20:02:37,2026-05-21T12:02:37Z
CoinW,XRP_USDT,2026-05-21T12:07:05Z,24527544,SELL,1.365,3415.1,4661.6115,2026-05-21 20:02:29,2026-05-21T12:02:29Z
CoinW,XRP_USDT,2026-05-21T12:07:05Z,24527543,SELL,1.364,1104.4,1506.4016,2026-05-21 20:02:24,2026-05-21T12:02:24Z
CoinW,XRP_USDT,2026-05-21T12:07:05Z,24527542,SELL,1.364,1522.6,2076.8264,2026-05-21 20:02:18,2026-05-21T12:02:18Z
CoinW,XRP_USDT,2026-05-21T12:07:05Z,24527541,SELL,1.365,73.3,100.0545,2026-05-21 20:01:49,2026-05-21T12:01:49Z
CoinW,XRP_USDT,2026-05-21T12:07:05Z,24527540,SELL,1.365,73.3,100.0545,2026-05-21 20:01:43,2026-05-21T12:01:43Z
CoinW,XRP_USDT,2026-05-21T12:07:05Z,24527539,SELL,1.365,212.3,289.7895,2026-05-21 20:01:37,2026-05-21T12:01:37Z
CoinW,XRP_USDT,2026-05-21T12:07:05Z,24527538,SELL,1.365,410.1,559.7865,2026-05-21 20:01:33,2026-05-21T12:01:33Z
CoinW,XRP_USDT,2026-05-21T12:07:05Z,24527537,SELL,1.365,489.1,667.6215,2026-05-21 20:00:59,2026-05-21T12:00:59Z
CoinW,XRP_USDT,2026-05-21T12:07:05Z,24527536,BUY,1.364,7659,10446.876,2026-05-21 20:00:54,2026-05-21T12:00:54Z
CoinW,XRP_USDT,2026-05-21T12:07:05Z,24527535,BUY,1.364,117.5,160.27,2026-05-21 20:00:51,2026-05-21T12:00:51Z
CoinW,XRP_USDT,2026-05-21T12:07:05Z,24527534,BUY,1.364,2630,3587.32,2026-05-21 19:59:58,2026-05-21T11:59:58Z
CoinW,XRP_USDT,2026-05-21T12:07:05Z,24527533,SELL,1.363,7033.7,9586.9331,2026-05-21 19:59:49,2026-05-21T11:59:49Z
CoinW,XRP_USDT,2026-05-21T12:07:05Z,24527532,SELL,1.364,90,122.76,2026-05-21 19:59:43,2026-05-21T11:59:43Z
CoinW,XRP_USDT,2026-05-21T12:07:05Z,24527531,BUY,1.364,392.7,535.6428,2026-05-21 19:59:37,2026-05-21T11:59:37Z
CoinW,XRP_USDT,2026-05-21T12:07:05Z,24527530,SELL,1.365,2559.6,3493.854,2026-05-21 19:59:00,2026-05-21T11:59:00Z
CoinW,XRP_USDT,2026-05-21T12:07:05Z,24527529,BUY,1.365,268.9,367.0485,2026-05-21 19:58:54,2026-05-21T11:58:54Z
CoinW,XRP_USDT,2026-05-21T12:07:05Z,24527528,SELL,1.365,3616.1,4935.9765,2026-05-21 19:58:42,2026-05-21T11:58:42Z
CoinW,XRP_USDT,2026-05-21T12:07:05Z,24527527,BUY,1.365,4327.8,5907.447,2026-05-21 19:58:37,2026-05-21T11:58:37Z
CoinW,XRP_USDT,2026-05-21T12:07:05Z,24527526,BUY,1.365,3078.1,4201.6065,2026-05-21 19:58:31,2026-05-21T11:58:31Z
CoinW,XRP_USDT,2026-05-21T12:07:05Z,24527525,SELL,1.364,2323.8,3169.6632,2026-05-21 19:58:24,2026-05-21T11:58:24Z
CoinW,XRP_USDT,2026-05-21T12:07:05Z,24527524,SELL,1.364,3189.3,4350.2052,2026-05-21 19:58:17,2026-05-21T11:58:17Z
CoinW,DOGE_USDT,2026-05-21T12:07:05Z,37000958,SELL,0.104475,1262.534,131.90323965,2026-05-21 20:06:40,2026-05-21T12:06:40Z
CoinW,DOGE_USDT,2026-05-21T12:07:05Z,37000957,SELL,0.104502,18150.021,1896.713494542,2026-05-21 20:06:35,2026-05-21T12:06:35Z
CoinW,DOGE_USDT,2026-05-21T12:07:05Z,37000956,BUY,0.104502,146977.759,15359.469771018,2026-05-21 20:06:29,2026-05-21T12:06:29Z
CoinW,DOGE_USDT,2026-05-21T12:07:05Z,37000955,BUY,0.104516,152.993,15.990216388,2026-05-21 20:06:22,2026-05-21T12:06:22Z
CoinW,DOGE_USDT,2026-05-21T12:07:05Z,37000954,BUY,0.104522,5556.228,580.748063016,2026-05-21 20:05:55,2026-05-21T12:05:55Z
CoinW,DOGE_USDT,2026-05-21T12:07:05Z,37000953,SELL,0.104537,95.664,10.000427568,2026-05-21 20:05:49,2026-05-21T12:05:49Z
CoinW,DOGE_USDT,2026-05-21T12:07:05Z,37000952,SELL,0.104533,23795.332,2487.397439956,2026-05-21 20:05:42,2026-05-21T12:05:42Z
CoinW,DOGE_USDT,2026-05-21T12:07:05Z,37000951,SELL,0.104584,240.239,25.125155576,2026-05-21 20:05:25,2026-05-21T12:05:25Z
CoinW,DOGE_USDT,2026-05-21T12:07:05Z,37000950,BUY,0.104595,13187.881,1379.386413195,2026-05-21 20:05:20,2026-05-21T12:05:20Z
CoinW,DOGE_USDT,2026-05-21T12:07:05Z,37000949,SELL,0.104592,459.935,48.10552152,2026-05-21 20:05:13,2026-05-21T12:05:13Z
CoinW,DOGE_USDT,2026-05-21T12:07:05Z,37000948,BUY,0.10459,95.607,9.99953613,2026-05-21 20:05:07,2026-05-21T12:05:07Z
CoinW,DOGE_USDT,2026-05-21T12:07:05Z,37000947,BUY,0.104595,317.64,33.2235558,2026-05-21 20:05:02,2026-05-21T12:05:02Z
CoinW,DOGE_USDT,2026-05-21T12:07:05Z,37000946,SELL,0.104617,170.128,17.798280976,2026-05-21 20:04:50,2026-05-21T12:04:50Z
CoinW,DOGE_USDT,2026-05-21T12:07:05Z,37000945,SELL,0.104612,45936.525,4805.5117533,2026-05-21 20:04:45,2026-05-21T12:04:45Z
CoinW,DOGE_USDT,2026-05-21T12:07:05Z,37000944,BUY,0.10459,15015.303,1570.45054077,2026-05-21 20:04:39,2026-05-21T12:04:39Z
CoinW,DOGE_USDT,2026-05-21T12:07:05Z,37000943,BUY,0.104606,1208.098,126.374299388,2026-05-21 20:04:33,2026-05-21T12:04:33Z
CoinW,DOGE_USDT,2026-05-21T12:07:05Z,37000942,SELL,0.104594,25560.171,2673.440525574,2026-05-21 20:04:28,2026-05-21T12:04:28Z
CoinW,DOGE_USDT,2026-05-21T12:07:05Z,37000941,BUY,0.104576,95.633,10.000916608,2026-05-21 20:04:23,2026-05-21T12:04:23Z
CoinW,DOGE_USDT,2026-05-21T12:07:05Z,37000940,BUY,0.104567,9804.046,1025.179678082,2026-05-21 20:04:11,2026-05-21T12:04:11Z
CoinW,DOGE_USDT,2026-05-21T12:07:05Z,37000939,SELL,0.104547,95.663,10.001279661,2026-05-21 20:03:59,2026-05-21T12:03:59Z
CoinW,DOGE_USDT,2026-05-21T12:07:05Z,37000938,BUY,0.104572,163.273,17.073784156,2026-05-21 20:03:44,2026-05-21T12:03:44Z
CoinW,DOGE_USDT,2026-05-21T12:07:05Z,37000937,BUY,0.104572,118.935,12.43727082,2026-05-21 20:03:44,2026-05-21T12:03:44Z
CoinW,DOGE_USDT,2026-05-21T12:07:05Z,37000936,BUY,0.104572,117.202,12.256047544,2026-05-21 20:03:44,2026-05-21T12:03:44Z
CoinW,DOGE_USDT,2026-05-21T12:07:05Z,37000935,BUY,0.1045,1481.855,154.8538475,2026-05-21 20:03:43,2026-05-21T12:03:43Z
CoinW,DOGE_USDT,2026-05-21T12:07:05Z,37000934,SELL,0.104492,912.785,95.37873022,2026-05-21 20:03:31,2026-05-21T12:03:31Z
CoinW,DOGE_USDT,2026-05-21T12:07:05Z,37000933,SELL,0.104478,47877.949,5002.192355622,2026-05-21 20:03:03,2026-05-21T12:03:03Z
CoinW,DOGE_USDT,2026-05-21T12:07:05Z,37000932,SELL,0.104479,111.63,11.66299077,2026-05-21 20:02:57,2026-05-21T12:02:57Z
CoinW,DOGE_USDT,2026-05-21T12:07:05Z,37000931,SELL,0.104454,1272.885,132.95792979,2026-05-21 20:02:39,2026-05-21T12:02:39Z
CoinW,DOGE_USDT,2026-05-21T12:07:05Z,37000930,SELL,0.104454,2690.877,281.072866158,2026-05-21 20:02:39,2026-05-21T12:02:39Z
CoinW,DOGE_USDT,2026-05-21T12:07:05Z,37000929,SELL,0.104343,693.051,72.315020493,2026-05-21 20:02:24,2026-05-21T12:02:24Z
CoinW,DOGE_USDT,2026-05-21T12:07:05Z,37000928,SELL,0.104391,95.775,9.998048025,2026-05-21 20:01:47,2026-05-21T12:01:47Z
CoinW,DOGE_USDT,2026-05-21T12:07:05Z,37000927,BUY,0.104412,95.758,9.998284296,2026-05-21 20:01:41,2026-05-21T12:01:41Z
CoinW,DOGE_USDT,2026-05-21T12:07:05Z,37000926,SELL,0.104435,641.593,67.004764955,2026-05-21 20:01:28,2026-05-21T12:01:28Z
CoinW,DOGE_USDT,2026-05-21T12:07:05Z,37000925,BUY,0.104438,4440.979,463.806964802,2026-05-21 20:01:23,2026-05-21T12:01:23Z
CoinW,DOGE_USDT,2026-05-21T12:07:05Z,37000924,SELL,0.104449,1242.231,129.749785719,2026-05-21 20:01:17,2026-05-21T12:01:17Z
CoinW,DOGE_USDT,2026-05-21T12:07:05Z,37000923,BUY,0.104431,193.574,20.215126394,2026-05-21 20:01:11,2026-05-21T12:01:11Z
CoinW,DOGE_USDT,2026-05-21T12:07:05Z,37000922,BUY,0.104432,5204.198,543.484805536,2026-05-21 20:00:55,2026-05-21T12:00:55Z
CoinW,DOGE_USDT,2026-05-21T12:07:05Z,37000921,SELL,0.104423,136.771,14.282038133,2026-05-21 20:00:53,2026-05-21T12:00:53Z
CoinW,DOGE_USDT,2026-05-21T12:07:05Z,37000920,SELL,0.104423,14990.392,1565.341703816,2026-05-21 20:00:53,2026-05-21T12:00:53Z
CoinW,DOGE_USDT,2026-05-21T12:07:05Z,37000919,SELL,0.104423,136.771,14.282038133,2026-05-21 20:00:53,2026-05-21T12:00:53Z
CoinW,DOGE_USDT,2026-05-21T12:07:05Z,37000918,SELL,0.10446,262.017,27.37029582,2026-05-21 20:00:39,2026-05-21T12:00:39Z
CoinW,DOGE_USDT,2026-05-21T12:07:05Z,37000917,SELL,0.104398,123.38,12.88062524,2026-05-21 20:00:18,2026-05-21T12:00:18Z
CoinW,DOGE_USDT,2026-05-21T12:07:05Z,37000916,SELL,0.104398,319.323,33.336682554,2026-05-21 20:00:18,2026-05-21T12:00:18Z
CoinW,DOGE_USDT,2026-05-21T12:07:05Z,37000915,BUY,0.104295,95.894,10.00126473,2026-05-21 19:59:51,2026-05-21T11:59:51Z
CoinW,DOGE_USDT,2026-05-21T12:07:05Z,37000914,SELL,0.104336,95.846,10.000188256,2026-05-21 19:59:05,2026-05-21T11:59:05Z
CoinW,DOGE_USDT,2026-05-21T12:07:05Z,37000913,SELL,0.104335,95.859,10.001448765,2026-05-21 19:58:58,2026-05-21T11:58:58Z
CoinW,DOGE_USDT,2026-05-21T12:07:05Z,37000912,BUY,0.10432,95.856,9.99969792,2026-05-21 19:58:53,2026-05-21T11:58:53Z
CoinW,DOGE_USDT,2026-05-21T12:07:05Z,37000911,SELL,0.104324,14468.174,1509.377784376,2026-05-21 19:58:42,2026-05-21T11:58:42Z
CoinW,DOGE_USDT,2026-05-21T12:07:05Z,37000910,SELL,0.104355,20232.213,2111.332587615,2026-05-21 19:58:25,2026-05-21T11:58:25Z
CoinW,DOGE_USDT,2026-05-21T12:07:05Z,37000909,SELL,0.10436,1771.066,184.82844776,2026-05-21 19:58:18,2026-05-21T11:58:18Z
