trade_id,time_utc,side,price,size,notional_usd
340583407,2026-06-08T17:48:57.362656+00:00,sell,67.02,0.28996867,19.43370026
340583409,2026-06-08T17:48:58.904921+00:00,buy,67.01,25.91120259,1736.30968556
340583408,2026-06-08T17:48:58.904921+00:00,buy,67.01,0.00430112,0.28821805
340583410,2026-06-08T17:48:58.907039+00:00,buy,67.01,5.01735978,336.21327886
340583411,2026-06-08T17:48:58.908178+00:00,buy,67.01,13.65421497,914.96894514
340583412,2026-06-08T17:48:58.961509+00:00,buy,67.01,0.61502011,41.21249757
340583413,2026-06-08T17:48:58.962345+00:00,buy,67.01,0.45613117,30.5653497
340583414,2026-06-08T17:48:58.964789+00:00,buy,67.01,0.8291755,55.56305026
340583415,2026-06-08T17:48:58.967783+00:00,buy,67.01,1.20608267,80.81959972
340583416,2026-06-08T17:48:58.969882+00:00,buy,67.01,4.2668733,285.92317983
340583417,2026-06-08T17:48:58.971033+00:00,buy,67.01,0.51552903,34.5456003
340583418,2026-06-08T17:48:58.972494+00:00,buy,67.01,0.59017609,39.54769979
340583419,2026-06-08T17:48:58.975692+00:00,buy,67.01,0.9844818,65.97012542
340583420,2026-06-08T17:48:58.993603+00:00,buy,67.01,1.61932328,108.51085299
340583421,2026-06-08T17:48:58.995885+00:00,buy,67.01,0.99585062,66.73195005
340583422,2026-06-08T17:48:58.998104+00:00,buy,67.01,13.22668496,886.32015917
340583423,2026-06-08T17:48:59.001228+00:00,buy,67.01,1.14990934,77.05542487
340583424,2026-06-08T17:48:59.007479+00:00,buy,67.01,6.25118054,418.89160799
340583425,2026-06-08T17:48:59.010443+00:00,buy,67.01,1.34523504,90.14420003
340583426,2026-06-08T17:48:59.016001+00:00,buy,67.01,7.07895882,474.36103053
340583427,2026-06-08T17:48:59.019553+00:00,buy,67.01,0.95318966,63.87323912
340583428,2026-06-08T17:48:59.022497+00:00,buy,67.01,1.31662327,88.22692532
340583429,2026-06-08T17:48:59.025586+00:00,buy,67.01,1.09438554,73.33477504
340583430,2026-06-08T17:48:59.027501+00:00,buy,67.01,0.64199186,43.01987454
340583431,2026-06-08T17:48:59.028800+00:00,buy,67.01,0.5246952,35.15982535
340583432,2026-06-08T17:48:59.030562+00:00,buy,67.01,0.68785069,46.09287474
340583433,2026-06-08T17:48:59.031982+00:00,buy,67.01,0.5647713,37.84532481
340583434,2026-06-08T17:48:59.033745+00:00,buy,67.01,0.55599016,37.25690062
340583435,2026-06-08T17:48:59.034836+00:00,buy,67.01,0.56227652,37.67814961
340583436,2026-06-08T17:48:59.036929+00:00,buy,67.01,0.69496083,46.56932522
340583437,2026-06-08T17:48:59.037964+00:00,buy,67.01,0.43865729,29.394425
340583438,2026-06-08T17:48:59.040977+00:00,buy,67.01,1.08647664,72.80479965
340583439,2026-06-08T17:48:59.044844+00:00,buy,67.01,1.51242613,101.34767497
340583440,2026-06-08T17:48:59.106880+00:00,buy,67.01,4.06400585,272.32903201
340583441,2026-06-08T17:48:59.109761+00:00,buy,67.01,1.12162066,75.15980043
340583442,2026-06-08T17:48:59.112805+00:00,buy,67.01,1.01212692,67.82262491
340583443,2026-06-08T17:48:59.116190+00:00,buy,67.01,1.23813983,82.96775001
340583444,2026-06-08T17:48:59.119595+00:00,buy,67.01,1.27306036,85.30777472
340583445,2026-06-08T17:48:59.122230+00:00,buy,67.01,1.14051261,76.42575
340583446,2026-06-08T17:48:59.125223+00:00,buy,67.01,1.06328384,71.25065012
340583447,2026-06-08T17:48:59.128282+00:00,buy,67.01,1.09251828,73.20964994
340583448,2026-06-08T17:48:59.131792+00:00,buy,67.01,1.15260968,77.23637466
340583449,2026-06-08T17:48:59.134749+00:00,buy,67.01,1.30958589,87.75535049
340583450,2026-06-08T17:48:59.137833+00:00,buy,67.01,1.13994665,76.38782502
340583451,2026-06-08T17:48:59.140930+00:00,buy,67.01,1.08655797,72.81024957
340583452,2026-06-08T17:48:59.144005+00:00,buy,67.01,1.23032719,82.444225
340583453,2026-06-08T17:48:59.146731+00:00,buy,67.01,1.08076892,72.42232533
340583454,2026-06-08T17:48:59.149471+00:00,buy,67.01,1.04972579,70.34212519
340583455,2026-06-08T17:48:59.152360+00:00,buy,67.01,0.98801111,66.20662448
340583456,2026-06-08T17:48:59.155219+00:00,buy,67.01,1.08639644,72.79942544
340583457,2026-06-08T17:48:59.158565+00:00,buy,67.01,1.11655163,74.82012473
340583458,2026-06-08T17:48:59.161955+00:00,buy,67.01,1.2283883,82.31429998
340583459,2026-06-08T17:48:59.164976+00:00,buy,67.01,1.32290516,88.64787477
340583460,2026-06-08T17:48:59.168083+00:00,buy,67.01,1.13016528,75.73237541
340583461,2026-06-08T17:48:59.171110+00:00,buy,67.01,1.06034211,71.05352479
340583462,2026-06-08T17:48:59.174359+00:00,buy,67.01,1.16491457,78.06092534
340583463,2026-06-08T17:48:59.177602+00:00,buy,67.01,1.24191277,83.22057472
340583464,2026-06-08T17:48:59.180242+00:00,buy,67.01,1.0861502,72.7829249
340583465,2026-06-08T17:48:59.183207+00:00,buy,67.01,1.04973997,70.34307539
340583466,2026-06-08T17:48:59.185941+00:00,buy,67.01,1.09946687,73.67527496
340583467,2026-06-08T17:48:59.188824+00:00,buy,67.01,1.08771414,72.88772452
340583468,2026-06-08T17:48:59.191459+00:00,buy,67.01,0.99792121,66.87070028
340583469,2026-06-08T17:48:59.194640+00:00,buy,67.01,1.02846702,68.91757501
340583470,2026-06-08T17:48:59.197262+00:00,buy,67.01,1.02072415,68.39872529
340583471,2026-06-08T17:48:59.200072+00:00,buy,67.01,1.11111737,74.45597496
340583472,2026-06-08T17:48:59.203206+00:00,buy,67.01,1.07344836,71.9317746
340583473,2026-06-08T17:48:59.206244+00:00,buy,67.01,1.10111961,73.78602507
340583474,2026-06-08T17:49:00.120015+00:00,buy,67.01,29.35582106,1967.13356923
340583475,2026-06-08T17:49:00.122544+00:00,buy,67.01,1.00794285,67.54225038
340583476,2026-06-08T17:49:00.126116+00:00,buy,67.01,1.19343195,79.97187497
340583477,2026-06-08T17:49:00.129754+00:00,buy,67.01,8.74313407,585.87741403
340583478,2026-06-08T17:49:00.132018+00:00,buy,67.01,10.96375381,734.68114281
340583479,2026-06-08T17:49:00.135121+00:00,buy,67.01,3.66418653,245.53713938
340583480,2026-06-08T17:49:00.138320+00:00,buy,67.01,1.08911543,72.98162496
340583481,2026-06-08T17:49:00.141162+00:00,buy,67.01,1.15136808,77.15317504
340583482,2026-06-08T17:49:00.144480+00:00,buy,67.01,1.16060849,77.77237491
340583483,2026-06-08T17:49:00.196319+00:00,buy,67.01,7.6322115,511.43449262
340583484,2026-06-08T17:49:00.233325+00:00,buy,67.01,2.65304049,177.78024323
340583485,2026-06-08T17:49:00.235111+00:00,buy,67.01,12.06472402,808.45715658
340583486,2026-06-08T17:49:00.236840+00:00,buy,67.01,0.46071816,30.8727239
340583487,2026-06-08T17:49:00.238391+00:00,buy,67.01,0.59140651,39.63015024
340583488,2026-06-08T17:49:00.240256+00:00,buy,67.01,10.75842061,720.92176508
340583489,2026-06-08T17:49:00.241313+00:00,buy,67.01,6.75560454,452.69306023
340583490,2026-06-08T17:49:00.243469+00:00,buy,67.01,0.6700153,44.89772525
340583491,2026-06-08T17:49:00.244387+00:00,buy,67.01,0.42748209,28.64557485
340583492,2026-06-08T17:49:00.266914+00:00,buy,67.01,14.16742696,949.35928059
340583493,2026-06-08T17:49:00.268121+00:00,buy,67.01,0.46245001,30.98877517
340583494,2026-06-08T17:49:00.269364+00:00,buy,67.01,0.52761864,35.35572507
340583495,2026-06-08T17:49:00.271282+00:00,buy,67.01,0.6557025,43.93862452
340583496,2026-06-08T17:49:00.272506+00:00,buy,67.01,0.4773698,31.9885503
340583497,2026-06-08T17:49:00.274355+00:00,buy,67.01,0.58097746,38.93129959
340583498,2026-06-08T17:49:00.275913+00:00,buy,67.01,5.25289389,351.99641957
340583499,2026-06-08T17:49:00.277402+00:00,buy,67.01,0.59746531,40.03615042
340583500,2026-06-08T17:49:00.278988+00:00,buy,67.01,0.63065774,42.26037516
340583501,2026-06-08T17:49:00.280323+00:00,buy,67.01,0.51760744,34.68487455
340583502,2026-06-08T17:49:00.282330+00:00,buy,67.01,0.62667736,41.99364989
340583503,2026-06-08T17:49:00.283172+00:00,buy,67.01,0.45164789,30.26492511
340583504,2026-06-08T17:49:00.285130+00:00,buy,67.01,0.72011491,48.25490012
340583505,2026-06-08T17:49:00.288214+00:00,buy,67.01,1.13741867,76.21842508
340583506,2026-06-08T17:49:00.290134+00:00,buy,67.01,0.79536748,53.29757483
340583507,2026-06-08T17:49:00.292036+00:00,buy,67.01,0.54942845,36.81720043
340583508,2026-06-08T17:49:00.295036+00:00,buy,67.01,1.24489106,83.42014993
340583509,2026-06-08T17:49:00.297982+00:00,buy,67.01,1.09176055,73.15887446
340583510,2026-06-08T17:49:00.301083+00:00,buy,67.01,1.16295143,77.92937532
340583511,2026-06-08T17:49:00.304298+00:00,buy,67.01,1.05674041,70.81217487
340583512,2026-06-08T17:49:00.307400+00:00,buy,67.01,1.22863379,82.33075027
340583513,2026-06-08T17:49:00.311131+00:00,buy,67.01,1.14197284,76.52360001
340583514,2026-06-08T17:49:00.314180+00:00,buy,67.01,1.41833495,95.042625
340583515,2026-06-08T17:49:00.317698+00:00,buy,67.01,1.1341199,75.9973745
340583516,2026-06-08T17:49:00.321087+00:00,buy,67.01,1.3565065,90.89950056
340583517,2026-06-08T17:49:00.335844+00:00,buy,67.01,3.91277194,262.1948477
340583518,2026-06-08T17:49:00.338995+00:00,buy,67.01,1.11881808,74.97199954
340583519,2026-06-08T17:49:00.341780+00:00,buy,67.01,1.19529026,80.09640032
340583520,2026-06-08T17:49:00.345059+00:00,buy,67.01,1.08372183,72.62019983
340583521,2026-06-08T17:49:00.348283+00:00,buy,67.01,1.23103045,82.49135045
340583522,2026-06-08T17:49:00.351381+00:00,buy,67.01,1.13894679,76.3208244
340583523,2026-06-08T17:49:00.352525+00:00,buy,67.01,10.62004765,711.64939303
340583525,2026-06-08T17:49:01.736735+00:00,sell,67.02,3.21232283,215.28987607
340583524,2026-06-08T17:49:01.736735+00:00,sell,67.02,6.79375261,455.31729992
340583526,2026-06-08T17:49:01.754048+00:00,sell,67.02,10.00607544,670.60717599
340583527,2026-06-08T17:49:01.768489+00:00,sell,67.02,10.00607544,670.60717599
340583528,2026-06-08T17:49:01.783248+00:00,sell,67.02,10.00607544,670.60717599
340583530,2026-06-08T17:49:01.940367+00:00,buy,67.02,10.00201531,670.33506608
340583529,2026-06-08T17:49:01.940367+00:00,buy,67.02,10.00607544,670.60717599
340583531,2026-06-08T17:49:02.374871+00:00,buy,67.02,7.48772251,501.82716262
340583533,2026-06-08T17:49:02.744392+00:00,buy,67.02,10.00607544,670.60717599
340583532,2026-06-08T17:49:02.744392+00:00,buy,67.02,10.00607544,670.60717599
340583534,2026-06-08T17:49:02.957057+00:00,sell,67.02,0.329,22.04958
340583535,2026-06-08T17:49:04.705187+00:00,sell,67.02,10.00607544,670.60717599
340583537,2026-06-08T17:49:04.716210+00:00,sell,67.02,2.10505575,141.08083636
340583536,2026-06-08T17:49:04.716210+00:00,sell,67.02,7.90101969,529.52633962
340583538,2026-06-08T17:49:06.043721+00:00,sell,67.02,10.00607544,670.60717599
340583539,2026-06-08T17:49:06.046743+00:00,sell,67.02,7.90097561,529.52338538
340583540,2026-06-08T17:49:06.150519+00:00,sell,67.03,10.00607544,670.70723674
340583541,2026-06-08T17:49:06.154961+00:00,sell,67.03,5.78648311,387.86796286
340583543,2026-06-08T17:49:07.815033+00:00,sell,67.04,17.90760346,1200.52573596
340583542,2026-06-08T17:49:07.815033+00:00,sell,67.04,0.017,1.13968
340583545,2026-06-08T17:49:08.337994+00:00,sell,67.05,9.98907544,669.76750825
340583544,2026-06-08T17:49:08.337994+00:00,sell,67.05,0.017,1.13985
340583549,2026-06-08T17:49:10.307231+00:00,sell,67.06,17.89887718,1200.29870369
340583548,2026-06-08T17:49:10.307231+00:00,sell,67.06,7.45782904,500.12201542
340583547,2026-06-08T17:49:10.307231+00:00,sell,67.06,4.39910514,295.00399069
340583546,2026-06-08T17:49:10.307231+00:00,sell,67.06,0.017,1.14002
340583550,2026-06-08T17:49:10.531871+00:00,buy,67.05,0.07072483,4.74209985
340583552,2026-06-08T17:49:12.895630+00:00,sell,67.07,1.51084224,101.33218904
340583551,2026-06-08T17:49:12.895630+00:00,sell,67.07,0.017,1.14019
340583553,2026-06-08T17:49:13.574122+00:00,sell,67.08,18.15682913,1217.96009804
340583554,2026-06-08T17:49:17.828609+00:00,buy,67.07,2.256165,151.32098655
340583556,2026-06-08T17:49:18.720026+00:00,sell,67.08,7.45378652,499.99999976
340583555,2026-06-08T17:49:18.720026+00:00,sell,67.08,0.017,1.14036
340583557,2026-06-08T17:49:18.851695+00:00,sell,67.09,0.01106887,0.74261049
340583559,2026-06-08T17:49:19.466408+00:00,sell,67.09,0.02358587,1.58237602
340583558,2026-06-08T17:49:19.466408+00:00,sell,67.09,0.00593113,0.39791951
340583560,2026-06-08T17:49:20.602096+00:00,sell,67.09,0.30417263,20.40694175
340583561,2026-06-08T17:49:21.293086+00:00,sell,67.07,0.35367691,23.72111035
340583563,2026-06-08T17:49:23.081078+00:00,sell,67.07,0.28438065,19.0734102
340583562,2026-06-08T17:49:23.081078+00:00,sell,67.07,2.54364261,170.60210985
340583564,2026-06-08T17:49:24.125226+00:00,buy,67.06,0.017,1.14002
340583565,2026-06-08T17:49:25.059786+00:00,sell,67.06,0.07010286,4.70109779
340583566,2026-06-08T17:49:25.922793+00:00,buy,67.06,16.95976566,1137.32188516
340583567,2026-06-08T17:49:26.816673+00:00,sell,67.06,18.04023434,1209.77811484
340583569,2026-06-08T17:49:31.510284+00:00,buy,67.07,5.5736064,373.82178125
340583568,2026-06-08T17:49:31.510284+00:00,buy,67.07,0.17891754,11.99999941
340583570,2026-06-08T17:49:31.514123+00:00,sell,67.08,0.017,1.14036
340583573,2026-06-08T17:49:34.542274+00:00,sell,67.09,7.45267551,499.99999997
340583572,2026-06-08T17:49:34.542274+00:00,sell,67.09,34.875,2339.76375
340583571,2026-06-08T17:49:34.542274+00:00,sell,67.09,0.017,1.14053
340583575,2026-06-08T17:49:34.575672+00:00,sell,67.1,0.05371429,3.60422886
340583574,2026-06-08T17:49:34.575672+00:00,sell,67.1,0.017,1.1407
340583577,2026-06-08T17:49:39.997904+00:00,sell,67.1,0.69164427,46.40933052
340583576,2026-06-08T17:49:39.997904+00:00,sell,67.1,0.25008825,16.78092158
340583584,2026-06-08T17:49:40.531342+00:00,buy,67.08,0.82165019,55.11629475
340583583,2026-06-08T17:49:40.531342+00:00,buy,67.08,10.4095124,698.27009179
340583582,2026-06-08T17:49:40.531342+00:00,buy,67.08,24.81296625,1664.45377605
340583581,2026-06-08T17:49:40.531342+00:00,buy,67.08,10.00607544,671.20754052
340583580,2026-06-08T17:49:40.531342+00:00,buy,67.08,10.00607544,671.20754052
340583579,2026-06-08T17:49:40.531342+00:00,buy,67.09,7.45468669,500.13493003
340583578,2026-06-08T17:49:40.531342+00:00,buy,67.09,10.00607544,671.30760127
340583585,2026-06-08T17:49:42.295030+00:00,sell,67.09,1.06070374,71.16261392
340583586,2026-06-08T17:49:43.081082+00:00,sell,67.09,1.81998309,122.10266551
340583587,2026-06-08T17:49:43.109518+00:00,buy,67.09,0.12602588,8.45507629
340583588,2026-06-08T17:49:44.410213+00:00,sell,67.1,3.68852459,247.49999999
340583589,2026-06-08T17:49:46.252500+00:00,buy,67.09,2.5,167.725
340583590,2026-06-08T17:49:48.848327+00:00,buy,67.09,0.17891754,12.00357776
340583597,2026-06-08T17:49:49.518274+00:00,sell,67.11,10.42322315,699.5025056
340583596,2026-06-08T17:49:49.518274+00:00,sell,67.11,24.81296625,1665.19816504
340583595,2026-06-08T17:49:49.518274+00:00,sell,67.11,5.93965022,398.60992626
340583594,2026-06-08T17:49:49.518274+00:00,sell,67.11,17.88670376,1200.37668933
340583593,2026-06-08T17:49:49.518274+00:00,sell,67.11,18.6281222,1250.13328084
340583592,2026-06-08T17:49:49.518274+00:00,sell,67.11,0.017,1.14087
340583591,2026-06-08T17:49:49.518274+00:00,sell,67.11,32.31937903,2168.9535267
340583598,2026-06-08T17:49:50.818820+00:00,buy,67.09,2.24997874,150.95107367
340583599,2026-06-08T17:49:50.821583+00:00,buy,67.09,0.00000001,0.00000067
340583600,2026-06-08T17:49:52.297575+00:00,buy,67.08,0.017,1.14036
340583601,2026-06-08T17:49:53.463564+00:00,sell,67.08,0.07377049,4.94852447
340583606,2026-06-08T17:49:55.366108+00:00,buy,67.07,2.05842794,138.05876194
340583605,2026-06-08T17:49:55.366108+00:00,buy,67.07,2.263521,151.81435347
340583604,2026-06-08T17:49:55.366108+00:00,buy,67.07,10.00607544,671.10747976
340583603,2026-06-08T17:49:55.366108+00:00,buy,67.07,12.6,845.082
340583602,2026-06-08T17:49:55.366108+00:00,buy,67.07,0.017,1.14019
340583608,2026-06-08T17:49:56.244278+00:00,sell,67.08,7.2153708,484.00707326
340583607,2026-06-08T17:49:56.244278+00:00,sell,67.08,2.79070464,187.20046725
340583609,2026-06-08T17:49:58.117272+00:00,buy,67.09,0.30117787,20.2060233
340583613,2026-06-08T17:50:02.273560+00:00,sell,67.12,0.40303211,27.05151522
340583612,2026-06-08T17:50:02.273560+00:00,sell,67.12,0.017,1.14104
340583611,2026-06-08T17:50:02.273560+00:00,sell,67.11,0.017,1.14087
340583610,2026-06-08T17:50:02.273560+00:00,sell,67.1,0.017,1.1407
340583615,2026-06-08T17:50:02.326842+00:00,sell,67.12,0.017,1.14104
340583614,2026-06-08T17:50:02.326842+00:00,sell,67.12,0.30287323,20.3288512
340583616,2026-06-08T17:50:02.464439+00:00,sell,67.13,0.1413864,9.49126903
340583617,2026-06-08T17:50:03.396828+00:00,sell,67.13,0.017,1.14121
340583618,2026-06-08T17:50:03.560957+00:00,sell,67.14,0.017,1.14138
340583621,2026-06-08T17:50:06.016196+00:00,sell,67.15,0.69291254,46.52907706
340583620,2026-06-08T17:50:06.016196+00:00,sell,67.15,0.55436549,37.22564265
340583619,2026-06-08T17:50:06.016196+00:00,sell,67.15,0.017,1.14155
340583622,2026-06-08T17:50:06.160934+00:00,sell,67.16,0.00014891,0.0100008
340583623,2026-06-08T17:50:06.475852+00:00,buy,67.15,0.22449489,15.07483186
340583624,2026-06-08T17:50:07.408712+00:00,sell,67.16,0.003,0.20148
340583626,2026-06-08T17:50:07.468121+00:00,sell,67.16,9.98907544,670.86630655
340583625,2026-06-08T17:50:07.468121+00:00,sell,67.16,0.017,1.14172
340583627,2026-06-08T17:50:07.502320+00:00,sell,67.17,10.00607544,672.1080873
340583628,2026-06-08T17:50:07.513869+00:00,sell,67.17,0.017,1.14189
340583629,2026-06-08T17:50:08.085427+00:00,buy,67.17,27.48201888,1845.96720817
340583630,2026-06-08T17:50:08.088560+00:00,buy,67.17,1.13596844,76.30300011
340583631,2026-06-08T17:50:08.090001+00:00,buy,67.17,0.59096617,39.69519764
340583632,2026-06-08T17:50:08.091039+00:00,buy,67.17,0.4224479,28.37582544
340583633,2026-06-08T17:50:08.092732+00:00,buy,67.17,0.50268721,33.7654999
340583634,2026-06-08T17:50:08.092895+00:00,buy,67.17,45,3022.65
340583635,2026-06-08T17:50:08.093935+00:00,buy,67.17,0.47642367,32.00137791
340583636,2026-06-08T17:50:08.094986+00:00,buy,67.17,4.38948773,294.84189082
340583637,2026-06-08T17:50:08.154181+00:00,buy,67.16,10.00607544,672.00802655
340583639,2026-06-08T17:50:08.765096+00:00,sell,67.16,7.43086854,499.05713115
340583638,2026-06-08T17:50:08.765096+00:00,sell,67.16,2.5752069,172.9508954
340583640,2026-06-08T17:50:09.256816+00:00,buy,67.17,10.00607544,672.1080873
340583641,2026-06-08T17:50:09.302258+00:00,buy,67.17,10.00607544,672.1080873
340583642,2026-06-08T17:50:09.311929+00:00,buy,67.17,10.00607544,672.1080873
340583643,2026-06-08T17:50:09.363402+00:00,buy,67.17,10.00607544,672.1080873
340583644,2026-06-08T17:50:09.370797+00:00,buy,67.17,10.00607544,672.1080873
340583645,2026-06-08T17:50:09.389102+00:00,buy,67.17,10.00607544,672.1080873
340583646,2026-06-08T17:50:09.428238+00:00,buy,67.17,10.00607544,672.1080873
340583647,2026-06-08T17:50:11.694114+00:00,sell,67.16,0.02947745,1.97970554
340583649,2026-06-08T17:50:11.882495+00:00,buy,67.15,2.87149497,192.82088724
340583648,2026-06-08T17:50:11.882495+00:00,buy,67.15,9.78158055,656.83313393
340583650,2026-06-08T17:50:11.892186+00:00,buy,67.15,10.00607544,671.9079658
340583653,2026-06-08T17:50:13.426585+00:00,buy,67.14,2.320681,155.81052234
340583652,2026-06-08T17:50:13.426585+00:00,buy,67.14,0.017,1.14138
340583651,2026-06-08T17:50:13.426585+00:00,buy,67.14,10.00607544,671.80790504
340583654,2026-06-08T17:50:13.438832+00:00,buy,67.14,10.00607544,671.80790504
340583655,2026-06-08T17:50:13.461733+00:00,buy,67.14,10.00607544,671.80790504
340583656,2026-06-08T17:50:13.470480+00:00,buy,67.14,10.00607544,671.80790504
340583657,2026-06-08T17:50:13.486595+00:00,buy,67.14,10.00607544,671.80790504
340583659,2026-06-08T17:50:14.302685+00:00,buy,67.13,23.06188235,1548.14416216
340583658,2026-06-08T17:50:14.302685+00:00,buy,67.13,0.017,1.14121
340583660,2026-06-08T17:50:14.303116+00:00,buy,67.13,0.39220579,26.32877468
340583661,2026-06-08T17:50:14.309686+00:00,buy,67.13,5.39068507,361.87668875
340583662,2026-06-08T17:50:14.356150+00:00,buy,67.13,10.00607544,671.70784429
340583663,2026-06-08T17:50:15.078796+00:00,sell,67.13,0.3745,25.140185
340583664,2026-06-08T17:50:15.176345+00:00,sell,67.13,0.0045,0.302085
340583665,2026-06-08T17:50:15.569030+00:00,sell,67.13,0.33,22.1529
340583666,2026-06-08T17:50:16.093450+00:00,sell,67.13,0.17877094,12.0008932
340583671,2026-06-08T17:50:16.296054+00:00,sell,67.14,13.53332328,908.62732502
340583670,2026-06-08T17:50:16.296054+00:00,sell,67.13,0.07449346,5.00074597
340583669,2026-06-08T17:50:16.296054+00:00,sell,67.13,7.44823476,499.99999944
340583668,2026-06-08T17:50:16.296054+00:00,sell,67.13,5.22603884,350.82398733
340583667,2026-06-08T17:50:16.296054+00:00,sell,67.13,1.65240008,110.92561737
340583674,2026-06-08T17:50:16.373168+00:00,buy,67.12,17.44917983,1171.18895019
340583673,2026-06-08T17:50:16.373168+00:00,buy,67.12,0.017,1.14104
340583672,2026-06-08T17:50:16.373168+00:00,buy,67.12,9.68620221,650.13789234
340583675,2026-06-08T17:50:16.380488+00:00,buy,67.12,10.00607544,671.60778353
340583676,2026-06-08T17:50:17.310314+00:00,sell,67.12,6.0195,404.02884
340583677,2026-06-08T17:50:17.410126+00:00,sell,67.12,0.0095,0.63764
340583678,2026-06-08T17:50:18.146518+00:00,sell,67.12,10.00607544,671.60778353
340583680,2026-06-08T17:50:20.063779+00:00,sell,67.14,17.87688416,1200.2540025
340583679,2026-06-08T17:50:20.063779+00:00,sell,67.14,18.62125944,1250.2313588
340583682,2026-06-08T17:50:23.382135+00:00,sell,67.15,2.19512573,147.40269277
340583681,2026-06-08T17:50:23.382135+00:00,sell,67.15,0.017,1.14155
340583683,2026-06-08T17:50:27.210453+00:00,sell,67.13,0.36874255,24.75368738
340583684,2026-06-08T17:50:30.654526+00:00,buy,67.14,1.80002,120.8533428
340583685,2026-06-08T17:50:34.073107+00:00,buy,67.12,0.08749141,5.87242344
340583688,2026-06-08T17:50:34.431353+00:00,buy,67.11,0.14477094,9.71557778
340583687,2026-06-08T17:50:34.431353+00:00,buy,67.11,0.017,1.14087
340583686,2026-06-08T17:50:34.431353+00:00,buy,67.12,0.017,1.14104
340583689,2026-06-08T17:50:39.271627+00:00,sell,67.14,1.15313053,77.42118378
340583692,2026-06-08T17:50:42.693445+00:00,sell,67.15,1.32973597,89.29177039
340583691,2026-06-08T17:50:42.693445+00:00,sell,67.15,0.017,1.14155
340583690,2026-06-08T17:50:42.693445+00:00,sell,67.14,0.017,1.14138
340583693,2026-06-08T17:50:42.905949+00:00,buy,67.13,0.06922023,4.64675404
340583694,2026-06-08T17:50:44.015840+00:00,sell,67.14,1.68214477,112.93919986
340583695,2026-06-08T17:50:44.943753+00:00,sell,67.14,4.23824397,284.55570015
340583696,2026-06-08T17:50:45.986464+00:00,sell,67.15,5.06589812,340.17505876
340583697,2026-06-08T17:50:46.103494+00:00,buy,67.14,34.875,2341.5075
340583698,2026-06-08T17:50:46.115691+00:00,buy,67.14,10.08698896,677.24043877
340583699,2026-06-08T17:50:49.879661+00:00,sell,67.16,0.22,14.7752
340583700,2026-06-08T17:50:51.892619+00:00,sell,67.15,2.82507521,189.70380035
340583701,2026-06-08T17:50:52.107896+00:00,sell,67.15,0.46,30.889
340583702,2026-06-08T17:50:52.718245+00:00,sell,67.16,0.017,1.14172
340583703,2026-06-08T17:50:52.781994+00:00,sell,67.17,0.017,1.14189
340583706,2026-06-08T17:50:53.542928+00:00,sell,67.18,7.44528117,500.173989
340583705,2026-06-08T17:50:53.542928+00:00,sell,67.18,0.017,1.14206
340583704,2026-06-08T17:50:53.542928+00:00,sell,67.18,0.18005415,12.0960378
340583707,2026-06-08T17:50:53.546283+00:00,buy,67.18,2.36374012,158.79606126
340583709,2026-06-08T17:50:53.602829+00:00,sell,67.19,2.443088,164.15108272
340583708,2026-06-08T17:50:53.602829+00:00,sell,67.19,0.017,1.14223
340583710,2026-06-08T17:50:54.379488+00:00,sell,67.19,7.44158356,499.9999994
340583711,2026-06-08T17:50:54.382885+00:00,buy,67.19,2.56449188,172.30820942
340583712,2026-06-08T17:50:54.384293+00:00,buy,67.19,2.56449188,172.30820942
340583713,2026-06-08T17:50:54.385573+00:00,buy,67.19,7.44158356,499.9999994
340583714,2026-06-08T17:50:54.391713+00:00,buy,67.19,10.00607544,672.30820881
340583715,2026-06-08T17:50:54.402502+00:00,buy,67.19,10.00607544,672.30820881
340583716,2026-06-08T17:50:54.412238+00:00,buy,67.19,10.00607544,672.30820881
340583717,2026-06-08T17:50:54.418774+00:00,buy,67.19,10.00607544,672.30820881
340583718,2026-06-08T17:50:54.437470+00:00,buy,67.19,10.00607544,672.30820881
340583719,2026-06-08T17:50:54.617291+00:00,sell,67.19,2.46246264,165.45286478
340583721,2026-06-08T17:50:54.726992+00:00,buy,67.19,10.00607544,672.30820881
340583720,2026-06-08T17:50:54.726992+00:00,buy,67.19,7.5436128,506.85534403
340583722,2026-06-08T17:50:56.048754+00:00,sell,67.19,0.14743112,9.90589695
340583723,2026-06-08T17:50:56.627822+00:00,sell,67.19,7.29415244,490.09410244
340583724,2026-06-08T17:50:56.630955+00:00,buy,67.19,2.711923,182.21410637
340583726,2026-06-08T17:50:56.875924+00:00,buy,67.19,10.00607544,672.30820881
340583725,2026-06-08T17:50:56.875924+00:00,buy,67.19,8.10607544,544.64720881
340583727,2026-06-08T17:50:56.885862+00:00,buy,67.19,10.00607544,672.30820881
340583728,2026-06-08T17:50:56.888484+00:00,buy,67.19,2.98471836,200.54322661
340583729,2026-06-08T17:50:56.889296+00:00,buy,67.19,5.06135708,340.07258221
340583730,2026-06-08T17:50:56.893309+00:00,buy,67.19,10.00607544,672.30820881
340583731,2026-06-08T17:50:56.902508+00:00,buy,67.19,9.70939696,652.37438174
340583734,2026-06-08T17:50:56.991240+00:00,buy,67.19,8.945426,601.04317294
340583733,2026-06-08T17:50:56.991240+00:00,buy,67.19,8.05607544,541.28770881
340583732,2026-06-08T17:50:56.991240+00:00,buy,67.19,0.28667848,19.26192707
340583735,2026-06-08T17:50:56.994557+00:00,buy,67.19,0.75064944,50.43613587
340583736,2026-06-08T17:50:56.997828+00:00,buy,67.19,1.12755581,75.76047487
340583737,2026-06-08T17:50:56.998171+00:00,buy,67.19,8.87851963,596.54773394
340583738,2026-06-08T17:50:57.002249+00:00,buy,67.19,6.32727107,425.12934319
340583740,2026-06-08T17:51:00.155864+00:00,buy,67.18,4.23340808,284.40035481
340583739,2026-06-08T17:51:00.155864+00:00,buy,67.18,28.8447,1937.786946
340583741,2026-06-08T17:51:00.156478+00:00,buy,67.18,15.14385663,1017.3642884
340583742,2026-06-08T17:51:00.157723+00:00,buy,67.18,17.62732274,1184.20354167
340583743,2026-06-08T17:51:00.158915+00:00,buy,67.18,8.00734681,537.9335587
340583744,2026-06-08T17:51:00.160585+00:00,buy,67.18,6.14336574,412.71131041
340583745,2026-06-08T17:51:00.697331+00:00,sell,67.18,1.1,73.898
340583746,2026-06-08T17:51:02.084674+00:00,buy,67.17,2.45752648,165.07205366
340583747,2026-06-08T17:51:05.540237+00:00,sell,67.18,7.44269127,499.99999952
340583748,2026-06-08T17:51:07.065143+00:00,sell,67.19,0.01624043,1.09119449
340583749,2026-06-08T17:51:08.295059+00:00,sell,67.19,10.00607544,672.30820881
340583750,2026-06-08T17:51:08.335032+00:00,sell,67.19,10.00607544,672.30820881
340583751,2026-06-08T17:51:08.335966+00:00,sell,67.19,51.73024532,3475.75518305
340583752,2026-06-08T17:51:08.336177+00:00,sell,67.19,10.94306883,735.26479469
340583753,2026-06-08T17:51:08.345240+00:00,sell,67.19,10.00607544,672.30820881
340583754,2026-06-08T17:51:08.367872+00:00,sell,67.19,10.00607544,672.30820881
340583755,2026-06-08T17:51:08.371245+00:00,sell,67.19,12.95785934,870.63856905
340583756,2026-06-08T17:51:08.374833+00:00,sell,67.19,29.50073699,1982.15451836
340583757,2026-06-08T17:51:08.378247+00:00,sell,67.19,27.89605145,1874.33569693
340583758,2026-06-08T17:51:08.378327+00:00,sell,67.19,10.00607544,672.30820881
340583759,2026-06-08T17:51:08.387287+00:00,sell,67.19,299.451187,20120.12525453
340583760,2026-06-08T17:51:08.389465+00:00,sell,67.19,6.12417654,411.48342172
340583761,2026-06-08T17:51:08.398576+00:00,sell,67.2,0.017,1.1424
340583763,2026-06-08T17:51:13.346299+00:00,sell,67.21,0.01260868,0.84742938
340583762,2026-06-08T17:51:13.346299+00:00,sell,67.21,0.017,1.14257
340583764,2026-06-08T17:51:14.572258+00:00,buy,67.2,10.00607544,672.40826957
340583767,2026-06-08T17:51:15.370511+00:00,buy,67.18,0.017,1.14206
340583766,2026-06-08T17:51:15.370511+00:00,buy,67.18,10.00607544,672.20814806
340583765,2026-06-08T17:51:15.370511+00:00,buy,67.18,2.56338417,172.20814854
340583768,2026-06-08T17:51:15.449849+00:00,buy,67.18,10.00607544,672.20814806
340583769,2026-06-08T17:51:15.845001+00:00,buy,67.18,10.00607544,672.20814806
340583770,2026-06-08T17:51:15.846498+00:00,buy,67.18,9.27607544,623.16674806
340583771,2026-06-08T17:51:15.914139+00:00,sell,67.18,0.277,18.60886
340583772,2026-06-08T17:51:16.723625+00:00,sell,67.18,0.70556465,47.39983319
340583773,2026-06-08T17:51:17.696965+00:00,buy,67.18,1.5224489,102.2781171
340583774,2026-06-08T17:51:20.528506+00:00,sell,67.2,0.73384615,49.31446128
340583775,2026-06-08T17:51:20.611520+00:00,sell,67.2,0.06451009,4.33507805
340583776,2026-06-08T17:51:22.410322+00:00,buy,67.17,0.00014887,0.0099996
340583777,2026-06-08T17:51:24.239110+00:00,buy,67.17,0.03126395,2.09999952
340583778,2026-06-08T17:51:24.251497+00:00,buy,67.17,0.00014887,0.0099996
340583780,2026-06-08T17:51:24.830345+00:00,buy,67.17,10.00607544,672.1080873
340583779,2026-06-08T17:51:24.830345+00:00,buy,67.17,0.017,1.14189
340583781,2026-06-08T17:51:24.832032+00:00,buy,67.17,8.00607544,537.7680873
340583782,2026-06-08T17:51:28.172321+00:00,buy,67.17,3.00412265,201.7869184
340583784,2026-06-08T17:51:29.390379+00:00,sell,67.18,0.7286468,48.95049202
340583783,2026-06-08T17:51:29.390379+00:00,sell,67.18,0.74456749,50.02004398
340583785,2026-06-08T17:51:29.883359+00:00,sell,67.18,0.21660168,14.55130086
340583786,2026-06-08T17:51:30.368302+00:00,buy,67.17,10.00607544,672.1080873
340583787,2026-06-08T17:51:30.494614+00:00,sell,67.17,7.44379931,499.99999965
340583788,2026-06-08T17:51:31.382173+00:00,buy,67.17,0.25940047,17.42392957
340583789,2026-06-08T17:51:31.971783+00:00,sell,67.18,1.16622,78.3466596
340583790,2026-06-08T17:51:37.368675+00:00,sell,67.18,0.14063045,9.44755363
340583791,2026-06-08T17:51:37.777867+00:00,sell,67.18,0.329,22.10222
340583792,2026-06-08T17:51:37.813828+00:00,sell,67.18,0.10445089,7.01701079
340583794,2026-06-08T17:51:37.825876+00:00,buy,67.17,8.03500822,539.71150214
340583793,2026-06-08T17:51:37.825876+00:00,buy,67.17,10.00607544,672.1080873
340583795,2026-06-08T17:51:40.518830+00:00,sell,67.18,0.00490131,0.32927001
340583796,2026-06-08T17:51:41.941813+00:00,buy,67.17,10.00607544,672.1080873
340583797,2026-06-08T17:51:42.785564+00:00,sell,67.17,1.47365287,98.98526328
340583798,2026-06-08T17:51:42.794034+00:00,buy,67.17,10.00607544,672.1080873
340583799,2026-06-08T17:51:42.850317+00:00,buy,67.17,10.00607544,672.1080873
340583801,2026-06-08T17:51:43.698352+00:00,sell,67.17,5.79015428,388.92466299
340583800,2026-06-08T17:51:43.698352+00:00,sell,67.17,4.21592116,283.18342432
340583802,2026-06-08T17:51:43.879297+00:00,buy,67.18,0.46843569,31.46950965
340583803,2026-06-08T17:51:45.904363+00:00,buy,67.18,0.28383062,19.06774105
340583805,2026-06-08T17:51:48.277125+00:00,buy,67.17,4.75344256,319.28873676
340583804,2026-06-08T17:51:48.277125+00:00,buy,67.18,10.00607544,672.20814806
340583851,2026-06-08T17:51:51.499811+00:00,buy,67.12,70.44955384,4728.57405374
340583850,2026-06-08T17:51:51.499811+00:00,buy,67.12,80.28315176,5388.60514613
340583849,2026-06-08T17:51:51.499811+00:00,buy,67.12,165.76629912,11126.23399693
340583848,2026-06-08T17:51:51.499811+00:00,buy,67.12,0.017,1.14104
340583847,2026-06-08T17:51:51.499811+00:00,buy,67.12,2.561535,171.9302292
340583846,2026-06-08T17:51:51.499811+00:00,buy,67.12,27.965927,1877.07302024
340583845,2026-06-08T17:51:51.499811+00:00,buy,67.12,24.81296625,1665.4462947
340583844,2026-06-08T17:51:51.499811+00:00,buy,67.12,34.875,2340.81
340583843,2026-06-08T17:51:51.499811+00:00,buy,67.13,1.48832447,99.91122167
340583842,2026-06-08T17:51:51.499811+00:00,buy,67.13,2.366294,158.84931622
340583841,2026-06-08T17:51:51.499811+00:00,buy,67.13,97.76156842,6562.73408803
340583840,2026-06-08T17:51:51.499811+00:00,buy,67.13,0.5,33.565
340583839,2026-06-08T17:51:51.499811+00:00,buy,67.13,169.25119394,11361.83264919
340583838,2026-06-08T17:51:51.499811+00:00,buy,67.13,0.017,1.14121
340583837,2026-06-08T17:51:51.499811+00:00,buy,67.13,31.32822967,2103.06405775
340583836,2026-06-08T17:51:51.499811+00:00,buy,67.13,24.81296625,1665.69442436
340583835,2026-06-08T17:51:51.499811+00:00,buy,67.14,2,134.28
340583834,2026-06-08T17:51:51.499811+00:00,buy,67.14,4,268.56
340583833,2026-06-08T17:51:51.499811+00:00,buy,67.14,18.61211513,1249.61740983
340583832,2026-06-08T17:51:51.499811+00:00,buy,67.14,165.76629912,11129.54932292
340583831,2026-06-08T17:51:51.499811+00:00,buy,67.14,2.210787,148.43223918
340583830,2026-06-08T17:51:51.499811+00:00,buy,67.14,35,2349.9
340583829,2026-06-08T17:51:51.499811+00:00,buy,67.14,34.875,2341.5075
340583828,2026-06-08T17:51:51.499811+00:00,buy,67.14,0.017,1.14138
340583827,2026-06-08T17:51:51.499811+00:00,buy,67.15,41.90642543,2814.01646762
340583826,2026-06-08T17:51:51.499811+00:00,buy,67.15,7.44419213,499.87750153
340583825,2026-06-08T17:51:51.499811+00:00,buy,67.15,17.86333121,1199.52269075
340583824,2026-06-08T17:51:51.499811+00:00,buy,67.15,14.18469062,952.50197513
340583823,2026-06-08T17:51:51.499811+00:00,buy,67.15,49.36304504,3314.72847444
340583822,2026-06-08T17:51:51.499811+00:00,buy,67.15,10.402,698.4943
340583821,2026-06-08T17:51:51.499811+00:00,buy,67.15,3.005,201.78575
340583820,2026-06-08T17:51:51.499811+00:00,buy,67.15,24.4466363,1641.59162754
340583819,2026-06-08T17:51:51.499811+00:00,buy,67.15,14.96712964,1005.04275533
340583818,2026-06-08T17:51:51.499811+00:00,buy,67.15,9.84583661,661.14792836
340583817,2026-06-08T17:51:51.499811+00:00,buy,67.15,0.017,1.14155
340583816,2026-06-08T17:51:51.499811+00:00,buy,67.15,34.875,2341.85625
340583815,2026-06-08T17:51:51.499811+00:00,buy,67.16,35,2350.6
340583814,2026-06-08T17:51:51.499811+00:00,buy,67.16,1.4880132,99.93496651
340583813,2026-06-08T17:51:51.499811+00:00,buy,67.16,18.61002781,1249.84946772
340583812,2026-06-08T17:51:51.499811+00:00,buy,67.16,20.47661337,1375.20935393
340583811,2026-06-08T17:51:51.499811+00:00,buy,67.16,24.81296625,1666.43881335
340583810,2026-06-08T17:51:51.499811+00:00,buy,67.16,10.00607544,672.00802655
340583809,2026-06-08T17:51:51.499811+00:00,buy,67.16,6.79116018,456.09431769
340583808,2026-06-08T17:51:51.499811+00:00,buy,67.16,0.07437462,4.99499948
340583807,2026-06-08T17:51:51.499811+00:00,buy,67.16,0.017,1.14172
340583806,2026-06-08T17:51:51.499811+00:00,buy,67.17,10.00607544,672.1080873
340583852,2026-06-08T17:51:53.017098+00:00,sell,67.18,10.00607544,672.20814806
340583854,2026-06-08T17:51:53.260870+00:00,sell,67.19,0.017,1.14223
340583853,2026-06-08T17:51:53.260870+00:00,sell,67.18,0.017,1.14206
340583856,2026-06-08T17:51:56.684092+00:00,sell,67.2,7.44047619,499.99999997
340583855,2026-06-08T17:51:56.684092+00:00,sell,67.2,0.017,1.1424
340583857,2026-06-08T17:51:56.687186+00:00,buy,67.2,2.54859925,171.2658696
340583858,2026-06-08T17:51:58.333670+00:00,sell,67.2,1.294,86.9568
340583859,2026-06-08T17:51:58.348691+00:00,sell,67.2,0.02946429,1.98000029
340583860,2026-06-08T17:51:58.424270+00:00,sell,67.2,0.13155804,8.84070029
340583861,2026-06-08T17:51:58.488191+00:00,sell,67.2,0.004,0.2688
340583862,2026-06-08T17:51:59.043399+00:00,buy,67.18,4.16732166,279.96066912
340583863,2026-06-08T17:52:00.280704+00:00,sell,67.18,0.75,50.385
340583864,2026-06-08T17:52:01.267256+00:00,sell,67.2,24.76283644,1664.06260877
340583865,2026-06-08T17:52:01.839072+00:00,buy,67.19,10.00607544,672.30820881
340583866,2026-06-08T17:52:01.963249+00:00,buy,67.19,10.00607544,672.30820881
340583867,2026-06-08T17:52:02.075073+00:00,buy,67.19,10.00607544,672.30820881
340583868,2026-06-08T17:52:02.082542+00:00,buy,67.19,9.40607544,631.99420881
340583871,2026-06-08T17:52:03.628841+00:00,sell,67.21,0.03938957,2.647373
340583870,2026-06-08T17:52:03.628841+00:00,sell,67.21,0.017,1.14257
340583869,2026-06-08T17:52:03.628841+00:00,sell,67.2,0.017,1.1424
340583872,2026-06-08T17:52:05.734178+00:00,sell,67.2,2.509,168.6048
340583873,2026-06-08T17:52:06.865266+00:00,buy,67.18,0.74458484,50.02120955
340583874,2026-06-08T17:52:07.363902+00:00,sell,67.2,0.6845,45.9984
340583876,2026-06-08T17:52:14.318654+00:00,sell,67.21,7.16933929,481.85129368
340583875,2026-06-08T17:52:14.318654+00:00,sell,67.21,0.017,1.14257
340583878,2026-06-08T17:52:20.029038+00:00,buy,67.2,10.28707219,691.29125117
340583877,2026-06-08T17:52:20.029038+00:00,buy,67.2,17.85378227,1199.77416854
340583879,2026-06-08T17:52:20.951213+00:00,buy,67.2,8.38656094,563.57689517
340583880,2026-06-08T17:52:20.951754+00:00,buy,67.2,9.46757294,636.22090157
340583881,2026-06-08T17:52:21.273634+00:00,sell,67.2,2.437,163.7664
340583882,2026-06-08T17:52:23.194144+00:00,sell,67.19,0.31046368,20.86005466
340583883,2026-06-08T17:52:23.199336+00:00,sell,67.19,5.15471586,346.34535863
340583884,2026-06-08T17:52:28.924906+00:00,sell,67.19,0.14365977,9.65249995
340583885,2026-06-08T17:52:29.504937+00:00,sell,67.2,0.16941964,11.38499981
340583886,2026-06-08T17:52:30.789358+00:00,sell,67.19,5.82626786,391.46693751
340583887,2026-06-08T17:52:30.866157+00:00,sell,67.19,0.04234082,2.8448797
340583888,2026-06-08T17:52:33.056229+00:00,sell,67.19,14.46322369,971.78399973
340583891,2026-06-08T17:52:33.318142+00:00,sell,67.19,4.18257103,281.02694751
340583890,2026-06-08T17:52:33.318142+00:00,sell,67.19,7.44158356,499.9999994
340583889,2026-06-08T17:52:33.318142+00:00,sell,67.19,2.8390691,190.75705283
340583893,2026-06-08T17:52:39.888333+00:00,sell,67.21,0.48919643,32.87889206
340583892,2026-06-08T17:52:39.888333+00:00,sell,67.21,0.017,1.14257
340583894,2026-06-08T17:52:43.093109+00:00,buy,67.2,0.08959667,6.02089622
340583897,2026-06-08T17:52:45.030993+00:00,sell,67.22,0.52882651,35.547718
340583896,2026-06-08T17:52:45.030993+00:00,sell,67.22,0.5,33.61
340583895,2026-06-08T17:52:45.030993+00:00,sell,67.22,0.017,1.14274
340583898,2026-06-08T17:52:45.182218+00:00,buy,67.21,0.10297734,6.92110702
340583899,2026-06-08T17:52:45.776074+00:00,sell,67.22,2.62919773,176.73467141
340583900,2026-06-08T17:52:48.325444+00:00,sell,67.21,3.6819399,247.46318068
340583901,2026-06-08T17:52:51.302624+00:00,sell,67.22,0.71959833,48.37139974
340583902,2026-06-08T17:52:51.937309+00:00,sell,67.22,0.1472776,9.90000027
340583903,2026-06-08T17:52:56.092363+00:00,buy,67.21,0.17854485,11.99999937
340583904,2026-06-08T17:52:57.274434+00:00,sell,67.21,1.32549836,89.08674478
340583905,2026-06-08T17:52:57.283456+00:00,sell,67.21,0.15970951,10.73407617
340583906,2026-06-08T17:52:57.429721+00:00,sell,67.21,1.41106665,94.83778955
