trade_id,time_utc,side,price,size,notional_usd
171457854,2026-06-08T17:35:37.436694+00:00,buy,0.08631,73.2,6.317892
171457853,2026-06-08T17:35:37.436694+00:00,buy,0.08631,56.6,4.885146
171457858,2026-06-08T17:35:39.605856+00:00,buy,0.08629,128.6,11.096894
171457857,2026-06-08T17:35:39.605856+00:00,buy,0.08629,125,10.78625
171457856,2026-06-08T17:35:39.605856+00:00,buy,0.08629,12.8,1.104512
171457855,2026-06-08T17:35:39.605856+00:00,buy,0.0863,12.8,1.10464
171457862,2026-06-08T17:35:40.389009+00:00,buy,0.08627,240.4,20.739308
171457861,2026-06-08T17:35:40.389009+00:00,buy,0.08627,226.1,19.505647
171457860,2026-06-08T17:35:40.389009+00:00,buy,0.08627,12.8,1.104256
171457859,2026-06-08T17:35:40.389009+00:00,buy,0.08628,12.8,1.104384
171457866,2026-06-08T17:35:41.424956+00:00,buy,0.08625,319.3,27.539625
171457865,2026-06-08T17:35:41.424956+00:00,buy,0.08625,260.5,22.468125
171457864,2026-06-08T17:35:41.424956+00:00,buy,0.08625,12.8,1.104
171457863,2026-06-08T17:35:41.424956+00:00,buy,0.08626,12.8,1.104128
171457867,2026-06-08T17:35:41.798419+00:00,buy,0.08624,12.8,1.103872
171457870,2026-06-08T17:35:41.973984+00:00,buy,0.08622,260.5,22.46031
171457869,2026-06-08T17:35:41.973984+00:00,buy,0.08622,12.8,1.103616
171457868,2026-06-08T17:35:41.973984+00:00,buy,0.08623,12.8,1.103744
171457871,2026-06-08T17:35:41.984090+00:00,buy,0.08622,0.1,0.008622
171457872,2026-06-08T17:35:46.260799+00:00,buy,0.08624,1765.9,152.291216
171457873,2026-06-08T17:35:47.637981+00:00,buy,0.08623,0.2,0.017246
171457874,2026-06-08T17:35:50.516766+00:00,sell,0.08624,563.4,48.587616
171457876,2026-06-08T17:35:54.337291+00:00,buy,0.08622,393.7,33.944814
171457875,2026-06-08T17:35:54.337291+00:00,buy,0.08622,342.2,29.504484
171457877,2026-06-08T17:35:54.363769+00:00,buy,0.08622,0.1,0.008622
171457882,2026-06-08T17:36:08.728737+00:00,buy,0.0862,1895.4,163.38348
171457881,2026-06-08T17:36:08.728737+00:00,buy,0.0862,385.5,33.2301
171457880,2026-06-08T17:36:08.728737+00:00,buy,0.0862,343.5,29.6097
171457879,2026-06-08T17:36:08.728737+00:00,buy,0.0862,12.8,1.10336
171457878,2026-06-08T17:36:08.728737+00:00,buy,0.08621,12.8,1.103488
171457884,2026-06-08T17:36:08.915586+00:00,sell,0.08621,9792.3,844.194183
171457883,2026-06-08T17:36:08.915586+00:00,sell,0.08621,5124.5,441.783145
171457885,2026-06-08T17:36:13.394699+00:00,buy,0.08622,1765.9,152.255898
171457886,2026-06-08T17:36:19.702792+00:00,sell,0.08623,12.8,1.103744
171457887,2026-06-08T17:36:21.751173+00:00,sell,0.08624,12.8,1.103872
171457890,2026-06-08T17:36:24.608897+00:00,sell,0.08627,213.3,18.401391
171457889,2026-06-08T17:36:24.608897+00:00,sell,0.08626,12.8,1.104128
171457888,2026-06-08T17:36:24.608897+00:00,sell,0.08625,12.8,1.104
171457892,2026-06-08T17:36:26.233605+00:00,sell,0.08627,3874,334.20998
171457891,2026-06-08T17:36:26.233605+00:00,sell,0.08627,12.8,1.104256
171457896,2026-06-08T17:36:30.523224+00:00,sell,0.08629,1088.1,93.892149
171457895,2026-06-08T17:36:30.523224+00:00,sell,0.08629,12.8,1.104512
171457894,2026-06-08T17:36:30.523224+00:00,sell,0.08628,12.7,1.095756
171457893,2026-06-08T17:36:30.523224+00:00,sell,0.08628,12.8,1.104384
171457898,2026-06-08T17:36:34.379447+00:00,buy,0.08628,172.4,14.874672
171457897,2026-06-08T17:36:34.379447+00:00,buy,0.08629,1765.9,152.379511
171457900,2026-06-08T17:36:35.535726+00:00,sell,0.0863,445.2,38.42076
171457899,2026-06-08T17:36:35.535726+00:00,sell,0.0863,12.8,1.10464
171457901,2026-06-08T17:36:46.079949+00:00,sell,0.08629,229.5,19.803555
171457902,2026-06-08T17:36:48.946632+00:00,buy,0.08628,0.2,0.017256
171457904,2026-06-08T17:36:50.854086+00:00,sell,0.08629,105.5,9.103595
171457903,2026-06-08T17:36:50.854086+00:00,sell,0.08629,78.4,6.765136
171457905,2026-06-08T17:36:56.034158+00:00,sell,0.08631,12.8,1.104768
171457908,2026-06-08T17:36:56.036947+00:00,sell,0.08632,170.5,14.71756
171457907,2026-06-08T17:36:56.036947+00:00,sell,0.08632,149.1,12.870312
171457906,2026-06-08T17:36:56.036947+00:00,sell,0.08632,12.8,1.104896
171457911,2026-06-08T17:37:00.268853+00:00,sell,0.08633,201.3,17.378229
171457910,2026-06-08T17:37:00.268853+00:00,sell,0.08633,218.4,18.854472
171457909,2026-06-08T17:37:00.268853+00:00,sell,0.08633,12.8,1.105024
171457912,2026-06-08T17:37:00.278719+00:00,sell,0.08633,0.1,0.008633
171457913,2026-06-08T17:37:08.403959+00:00,sell,0.08634,12.8,1.105152
171457916,2026-06-08T17:37:13.506466+00:00,buy,0.08631,2249.9,194.188869
171457915,2026-06-08T17:37:13.506466+00:00,buy,0.08631,12.8,1.104768
171457914,2026-06-08T17:37:13.506466+00:00,buy,0.08632,12.8,1.104896
171457920,2026-06-08T17:37:15.933104+00:00,sell,0.08633,209.6,18.094768
171457919,2026-06-08T17:37:15.933104+00:00,sell,0.08633,195.2,16.851616
171457918,2026-06-08T17:37:15.933104+00:00,sell,0.08633,3466.5,299.262945
171457917,2026-06-08T17:37:15.933104+00:00,sell,0.08633,3478.6,300.307538
171457923,2026-06-08T17:37:17.481880+00:00,sell,0.08634,222.2,19.184748
171457922,2026-06-08T17:37:17.481880+00:00,sell,0.08634,210.7,18.191838
171457921,2026-06-08T17:37:17.481880+00:00,sell,0.08634,12.8,1.105152
171457927,2026-06-08T17:37:26.340662+00:00,sell,0.08636,262.7,22.686772
171457926,2026-06-08T17:37:26.340662+00:00,sell,0.08636,253.7,21.909532
171457925,2026-06-08T17:37:26.340662+00:00,sell,0.08636,12.8,1.105408
171457924,2026-06-08T17:37:26.340662+00:00,sell,0.08635,12.8,1.10528
171457928,2026-06-08T17:37:26.351703+00:00,sell,0.08636,0.1,0.008636
171457933,2026-06-08T17:37:37.220068+00:00,sell,0.08637,293.1,25.315047
171457932,2026-06-08T17:37:37.220068+00:00,sell,0.08637,286.1,24.710457
171457931,2026-06-08T17:37:37.220068+00:00,sell,0.08637,3720.6,321.348222
171457930,2026-06-08T17:37:37.220068+00:00,sell,0.08637,3424.4,295.765428
171457929,2026-06-08T17:37:37.220068+00:00,sell,0.08637,12.8,1.105536
171457934,2026-06-08T17:37:37.231397+00:00,sell,0.08637,0.1,0.008637
171457938,2026-06-08T17:37:41.535429+00:00,sell,0.08639,318.2,27.489298
171457937,2026-06-08T17:37:41.535429+00:00,sell,0.08639,312.5,26.996875
171457936,2026-06-08T17:37:41.535429+00:00,sell,0.08639,12.8,1.105792
171457935,2026-06-08T17:37:41.535429+00:00,sell,0.08638,1.3,0.112294
171457939,2026-06-08T17:37:49.217076+00:00,sell,0.08639,6.4,0.552896
171457940,2026-06-08T17:37:49.446272+00:00,buy,0.08637,0.2,0.017274
171457941,2026-06-08T17:37:49.563308+00:00,buy,0.08637,0.2,0.017274
171457942,2026-06-08T17:37:50.399268+00:00,buy,0.08637,0.7,0.060459
171457943,2026-06-08T17:37:50.759699+00:00,buy,0.08637,0.8,0.069096
171457944,2026-06-08T17:37:50.904205+00:00,buy,0.08637,0.9,0.077733
171457945,2026-06-08T17:37:51.055493+00:00,buy,0.08637,0.9,0.077733
171457946,2026-06-08T17:37:51.120101+00:00,buy,0.08637,0.8,0.069096
171457947,2026-06-08T17:37:51.164684+00:00,buy,0.08637,0.8,0.069096
171457948,2026-06-08T17:37:51.302823+00:00,buy,0.08637,0.8,0.069096
171457949,2026-06-08T17:37:51.318141+00:00,buy,0.08637,0.7,0.060459
171457950,2026-06-08T17:37:51.474618+00:00,buy,0.08637,0.6,0.051822
171457951,2026-06-08T17:37:51.512020+00:00,buy,0.08637,0.8,0.069096
171457952,2026-06-08T17:37:51.513362+00:00,buy,0.08637,0.8,0.069096
171457953,2026-06-08T17:37:51.660423+00:00,buy,0.08637,0.8,0.069096
171457954,2026-06-08T17:37:51.793917+00:00,buy,0.08637,0.9,0.077733
171457955,2026-06-08T17:37:51.835004+00:00,buy,0.08637,0.8,0.069096
171457956,2026-06-08T17:37:51.864334+00:00,buy,0.08637,0.8,0.069096
171457958,2026-06-08T17:37:51.993582+00:00,buy,0.08636,0.2,0.017272
171457957,2026-06-08T17:37:51.993582+00:00,buy,0.08637,0.5,0.043185
171457959,2026-06-08T17:37:52.082532+00:00,buy,0.08637,0.8,0.069096
171457960,2026-06-08T17:37:52.252203+00:00,buy,0.08636,0.8,0.069088
171457961,2026-06-08T17:37:52.677187+00:00,buy,0.08637,0.6,0.051822
171457962,2026-06-08T17:37:52.686021+00:00,buy,0.08637,0.8,0.069096
171457963,2026-06-08T17:37:53.041472+00:00,sell,0.08638,45.8,3.956204
171457967,2026-06-08T17:37:56.563810+00:00,sell,0.0864,324.8,28.06272
171457966,2026-06-08T17:37:56.563810+00:00,sell,0.0864,312.2,26.97408
171457965,2026-06-08T17:37:56.563810+00:00,sell,0.0864,306.4,26.47296
171457964,2026-06-08T17:37:56.563810+00:00,sell,0.0864,12.8,1.10592
171457968,2026-06-08T17:38:00.168123+00:00,buy,0.0864,0.9,0.07776
171457969,2026-06-08T17:38:00.590643+00:00,buy,0.08639,0.7,0.060473
171457970,2026-06-08T17:38:01.053640+00:00,buy,0.0864,0.7,0.06048
171457973,2026-06-08T17:38:02.654500+00:00,sell,0.08641,354.6,30.640986
171457972,2026-06-08T17:38:02.654500+00:00,sell,0.08641,358.4,30.969344
171457971,2026-06-08T17:38:02.654500+00:00,sell,0.08641,12.8,1.106048
171457974,2026-06-08T17:38:02.665177+00:00,sell,0.08641,0.1,0.008641
171457975,2026-06-08T17:38:17.743855+00:00,buy,0.08639,12.8,1.105792
171457976,2026-06-08T17:38:17.832089+00:00,buy,0.08638,12.8,1.105664
171457978,2026-06-08T17:38:18.371279+00:00,sell,0.08638,776.4,67.065432
171457977,2026-06-08T17:38:18.371279+00:00,sell,0.08638,320.9,27.719342
171457981,2026-06-08T17:38:20.394076+00:00,sell,0.08638,134,11.57492
171457980,2026-06-08T17:38:20.394076+00:00,sell,0.08638,130.3,11.255314
171457979,2026-06-08T17:38:20.394076+00:00,sell,0.08638,3323.1,287.049378
171457982,2026-06-08T17:38:20.452372+00:00,sell,0.08638,0.1,0.008638
171457985,2026-06-08T17:38:44.394745+00:00,sell,0.0864,164.2,14.18688
171457984,2026-06-08T17:38:44.394745+00:00,sell,0.0864,161.3,13.93632
171457983,2026-06-08T17:38:44.394745+00:00,sell,0.0864,12.8,1.10592
171457986,2026-06-08T17:38:44.405051+00:00,sell,0.0864,0.1,0.00864
171457990,2026-06-08T17:38:49.670793+00:00,sell,0.08642,235.2,20.325984
171457989,2026-06-08T17:38:49.670793+00:00,sell,0.08642,237.7,20.542034
171457988,2026-06-08T17:38:49.670793+00:00,sell,0.08642,12.8,1.106176
171457987,2026-06-08T17:38:49.670793+00:00,sell,0.08641,12.8,1.106048
171457991,2026-06-08T17:38:49.681723+00:00,sell,0.08642,0.1,0.008642
171457992,2026-06-08T17:38:53.681329+00:00,sell,0.08643,12.8,1.106304
171457993,2026-06-08T17:38:56.524128+00:00,buy,0.08643,59.6,5.151228
171457997,2026-06-08T17:39:01.472050+00:00,sell,0.08645,328.8,28.42476
171457996,2026-06-08T17:39:01.472050+00:00,sell,0.08645,326.9,28.260505
171457995,2026-06-08T17:39:01.472050+00:00,sell,0.08645,12.8,1.10656
171457994,2026-06-08T17:39:01.472050+00:00,sell,0.08644,12.8,1.106432
171457998,2026-06-08T17:39:13.799387+00:00,buy,0.08643,12.8,1.106304
171457999,2026-06-08T17:39:13.835841+00:00,buy,0.08642,12.8,1.106176
171458000,2026-06-08T17:39:15.140251+00:00,buy,0.08641,12.8,1.106048
171458001,2026-06-08T17:39:16.849017+00:00,buy,0.0864,12.8,1.10592
171458004,2026-06-08T17:39:16.852050+00:00,buy,0.08638,1707.8,147.519764
171458003,2026-06-08T17:39:16.852050+00:00,buy,0.08638,12.8,1.105664
171458002,2026-06-08T17:39:16.852050+00:00,buy,0.08639,12.8,1.105792
171458005,2026-06-08T17:39:28.655456+00:00,buy,0.08639,500,43.195
171458007,2026-06-08T17:39:32.952294+00:00,sell,0.08639,3526.2,304.628418
171458006,2026-06-08T17:39:32.952294+00:00,sell,0.08639,3870.7,334.389773
171458014,2026-06-08T17:39:33.002957+00:00,sell,0.0864,1446.1,124.94304
171458013,2026-06-08T17:39:33.002957+00:00,sell,0.0864,11574.5,1000.0368
171458012,2026-06-08T17:39:33.002957+00:00,sell,0.0864,3663.7,316.54368
171458011,2026-06-08T17:39:33.002957+00:00,sell,0.0864,6338.1,547.61184
171458010,2026-06-08T17:39:33.002957+00:00,sell,0.0864,8385.4,724.49856
171458009,2026-06-08T17:39:33.002957+00:00,sell,0.0864,3256.3,281.34432
171458008,2026-06-08T17:39:33.002957+00:00,sell,0.0864,12.8,1.10592
171458016,2026-06-08T17:39:33.052730+00:00,sell,0.0864,6180,533.952
171458015,2026-06-08T17:39:33.052730+00:00,sell,0.0864,7575,654.48
171458018,2026-06-08T17:39:33.102283+00:00,sell,0.0864,6338.1,547.61184
171458017,2026-06-08T17:39:33.102283+00:00,sell,0.0864,8385.4,724.49856
171458026,2026-06-08T17:39:33.107653+00:00,sell,0.08641,1589.7,137.365977
171458025,2026-06-08T17:39:33.107653+00:00,sell,0.08641,12.8,1.106048
171458024,2026-06-08T17:39:33.107653+00:00,sell,0.08641,6654,574.97214
171458023,2026-06-08T17:39:33.107653+00:00,sell,0.08641,8385.4,724.582414
171458022,2026-06-08T17:39:33.107653+00:00,sell,0.08641,3739.4,323.121554
171458021,2026-06-08T17:39:33.107653+00:00,sell,0.08641,3410.2,294.675382
171458020,2026-06-08T17:39:33.107653+00:00,sell,0.0864,6338.1,547.61184
171458019,2026-06-08T17:39:33.107653+00:00,sell,0.0864,8385.4,724.49856
171458027,2026-06-08T17:39:33.365806+00:00,buy,0.08638,500,43.19
171458028,2026-06-08T17:39:33.415217+00:00,buy,0.08638,8250,712.635
171458030,2026-06-08T17:39:33.548137+00:00,buy,0.08638,1604.2,138.570796
171458029,2026-06-08T17:39:33.548137+00:00,buy,0.08639,1604.2,138.586838
171458034,2026-06-08T17:39:35.793530+00:00,sell,0.08642,80.2,6.930884
171458033,2026-06-08T17:39:35.793530+00:00,sell,0.08642,78.3,6.766686
171458032,2026-06-08T17:39:35.793530+00:00,sell,0.08642,3665.7,316.789794
171458031,2026-06-08T17:39:35.793530+00:00,sell,0.08642,12.8,1.106176
171458036,2026-06-08T17:39:47.508249+00:00,sell,0.08643,195,16.85385
171458035,2026-06-08T17:39:47.508249+00:00,sell,0.08643,12.8,1.106304
171458053,2026-06-08T17:39:49.842199+00:00,buy,0.0864,44794.7,3870.26208
171458052,2026-06-08T17:39:49.842199+00:00,buy,0.0864,4096,353.8944
171458051,2026-06-08T17:39:49.842199+00:00,buy,0.0864,12.8,1.10592
171458050,2026-06-08T17:39:49.842199+00:00,buy,0.08641,12.8,1.106048
171458049,2026-06-08T17:39:49.842199+00:00,buy,0.08641,35415.7,3060.270637
171458048,2026-06-08T17:39:49.842199+00:00,buy,0.08641,8385.4,724.582414
171458047,2026-06-08T17:39:49.842199+00:00,buy,0.08641,2250,194.4225
171458046,2026-06-08T17:39:49.842199+00:00,buy,0.08641,3864.5,333.931445
171458045,2026-06-08T17:39:49.842199+00:00,buy,0.08642,2500,216.05
171458044,2026-06-08T17:39:49.842199+00:00,buy,0.08642,1157.1,99.996582
171458043,2026-06-08T17:39:49.842199+00:00,buy,0.08642,16457.5,1422.25715
171458042,2026-06-08T17:39:49.842199+00:00,buy,0.08642,4341.2,375.166504
171458041,2026-06-08T17:39:49.842199+00:00,buy,0.08642,49540,4281.2468
171458040,2026-06-08T17:39:49.842199+00:00,buy,0.08643,3470.8,299.981244
171458039,2026-06-08T17:39:49.842199+00:00,buy,0.08643,3546.5,306.523995
171458038,2026-06-08T17:39:49.842199+00:00,buy,0.08643,333.7,28.841691
171458037,2026-06-08T17:39:49.842199+00:00,buy,0.08643,1604.2,138.651006
171458055,2026-06-08T17:39:59.378633+00:00,sell,0.08644,157.6,13.622944
171458054,2026-06-08T17:39:59.378633+00:00,sell,0.08644,12.8,1.106432
171458058,2026-06-08T17:40:01.913619+00:00,sell,0.08645,249.8,21.59521
171458057,2026-06-08T17:40:01.913619+00:00,sell,0.08645,210.4,18.18908
171458056,2026-06-08T17:40:01.913619+00:00,sell,0.08645,12.8,1.10656
171458059,2026-06-08T17:40:03.473269+00:00,buy,0.08644,2313.3,199.961652
171458060,2026-06-08T17:40:11.698078+00:00,buy,0.08644,2250,194.49
171458062,2026-06-08T17:40:21.621118+00:00,sell,0.08645,201,17.37645
171458061,2026-06-08T17:40:21.621118+00:00,sell,0.08645,138.4,11.96468
171458063,2026-06-08T17:40:33.267803+00:00,buy,0.08644,1162.7,100.503788
171458065,2026-06-08T17:40:36.977881+00:00,buy,0.08643,4096,354.01728
171458064,2026-06-08T17:40:36.977881+00:00,buy,0.08643,12.8,1.106304
171458066,2026-06-08T17:40:37.982099+00:00,buy,0.08642,12.8,1.106176
171458068,2026-06-08T17:40:40.901525+00:00,sell,0.08642,3778.9,326.572538
171458067,2026-06-08T17:40:40.901525+00:00,sell,0.08642,3865.6,334.065152
171458069,2026-06-08T17:40:40.911406+00:00,sell,0.08642,0.1,0.008642
171458072,2026-06-08T17:40:50.955259+00:00,buy,0.08641,238,20.56558
171458071,2026-06-08T17:40:50.955259+00:00,buy,0.08641,12.8,1.106048
171458070,2026-06-08T17:40:50.955259+00:00,buy,0.08642,333.7,28.838354
171458073,2026-06-08T17:41:03.783552+00:00,buy,0.08641,4096,353.93536
171458076,2026-06-08T17:41:03.788446+00:00,buy,0.0864,79292.7,6850.88928
171458075,2026-06-08T17:41:03.788446+00:00,buy,0.0864,1722.3,148.80672
171458074,2026-06-08T17:41:03.788446+00:00,buy,0.0864,12.8,1.10592
171458078,2026-06-08T17:41:03.924915+00:00,buy,0.08639,1500,129.585
171458077,2026-06-08T17:41:03.924915+00:00,buy,0.08639,12.8,1.105792
171458079,2026-06-08T17:41:07.247393+00:00,sell,0.08639,65.9,5.693101
171458080,2026-06-08T17:41:08.347583+00:00,buy,0.08638,12.8,1.105664
171458081,2026-06-08T17:41:21.518267+00:00,buy,0.08637,12.8,1.105536
171458082,2026-06-08T17:41:22.373125+00:00,buy,0.08636,11.8,1.019048
171458083,2026-06-08T17:41:23.382872+00:00,buy,0.08635,12.8,1.10528
171458086,2026-06-08T17:41:23.395411+00:00,buy,0.08634,251.6,21.723144
171458085,2026-06-08T17:41:23.395411+00:00,buy,0.08634,201.2,17.371608
171458084,2026-06-08T17:41:23.395411+00:00,buy,0.08634,12.8,1.105152
171458088,2026-06-08T17:41:26.344753+00:00,buy,0.08633,8250,712.2225
171458087,2026-06-08T17:41:26.344753+00:00,buy,0.08633,12.8,1.105024
171458091,2026-06-08T17:41:26.451906+00:00,buy,0.08632,305.6,26.379392
171458090,2026-06-08T17:41:26.451906+00:00,buy,0.08632,265.2,22.892064
171458089,2026-06-08T17:41:26.451906+00:00,buy,0.08632,12.8,1.104896
171458092,2026-06-08T17:41:26.728091+00:00,sell,0.08632,51.7,4.462744
171458093,2026-06-08T17:41:33.271031+00:00,buy,0.08631,12.8,1.104768
171458094,2026-06-08T17:41:36.540428+00:00,buy,0.0863,12.8,1.10464
171458096,2026-06-08T17:41:37.163657+00:00,buy,0.08629,367.5,31.711575
171458095,2026-06-08T17:41:37.163657+00:00,buy,0.08629,12.8,1.104512
171458097,2026-06-08T17:41:37.182843+00:00,buy,0.08629,0.1,0.008629
171458098,2026-06-08T17:41:37.353365+00:00,sell,0.08629,229.4,19.794926
171458099,2026-06-08T17:41:40.541815+00:00,buy,0.08628,12.8,1.104384
171458102,2026-06-08T17:41:40.614621+00:00,buy,0.08627,497.5,42.919325
171458101,2026-06-08T17:41:40.614621+00:00,buy,0.08627,391.8,33.800586
171458100,2026-06-08T17:41:40.614621+00:00,buy,0.08627,12.8,1.104256
171458103,2026-06-08T17:41:40.625895+00:00,buy,0.08627,0.1,0.008627
171458104,2026-06-08T17:41:48.245591+00:00,sell,0.0863,12.8,1.10464
171458107,2026-06-08T17:42:11.913451+00:00,sell,0.08632,23174.6,2000.431472
171458106,2026-06-08T17:42:11.913451+00:00,sell,0.08632,12.8,1.104896
171458105,2026-06-08T17:42:11.913451+00:00,sell,0.08631,12.8,1.104768
171458108,2026-06-08T17:42:13.089187+00:00,sell,0.08633,12.8,1.105024
171458109,2026-06-08T17:42:15.847444+00:00,buy,0.08632,3645.3,314.662296
171458111,2026-06-08T17:42:49.415064+00:00,buy,0.08633,1982.9,171.183757
171458110,2026-06-08T17:42:49.415064+00:00,buy,0.08633,333.7,28.808321
171458112,2026-06-08T17:42:52.982094+00:00,sell,0.08634,12.8,1.105152
171458113,2026-06-08T17:43:00.213829+00:00,buy,0.08633,4095.9,353.599047
171458114,2026-06-08T17:43:03.243331+00:00,buy,0.08634,4096,353.64864
171458116,2026-06-08T17:43:03.310886+00:00,buy,0.08632,68.1,5.878392
171458115,2026-06-08T17:43:03.310886+00:00,buy,0.08632,12.8,1.104896
171458117,2026-06-08T17:43:17.353076+00:00,sell,0.08635,12.8,1.10528
171458118,2026-06-08T17:43:18.926665+00:00,sell,0.08636,12.8,1.105408
171458121,2026-06-08T17:43:23.669832+00:00,sell,0.08637,3532.5,305.102025
171458120,2026-06-08T17:43:23.669832+00:00,sell,0.08637,3630,313.5231
171458119,2026-06-08T17:43:23.669832+00:00,sell,0.08637,12.8,1.105536
171458126,2026-06-08T17:43:23.669854+00:00,sell,0.08638,61.7,5.329646
171458125,2026-06-08T17:43:23.669854+00:00,sell,0.08638,130.6,11.281228
171458124,2026-06-08T17:43:23.669854+00:00,sell,0.08638,3321.1,286.876618
171458123,2026-06-08T17:43:23.669854+00:00,sell,0.08638,3673.9,317.351482
171458122,2026-06-08T17:43:23.669854+00:00,sell,0.08638,12.8,1.105664
171458127,2026-06-08T17:43:23.670831+00:00,sell,0.08639,12.8,1.105792
171458130,2026-06-08T17:43:23.803926+00:00,sell,0.0864,61.7,5.33088
171458129,2026-06-08T17:43:23.803926+00:00,sell,0.0864,130.6,11.28384
171458128,2026-06-08T17:43:23.803926+00:00,sell,0.0864,12.8,1.10592
171458131,2026-06-08T17:43:24.861284+00:00,sell,0.0864,208.8,18.04032
171458132,2026-06-08T17:43:26.190302+00:00,sell,0.08641,12.8,1.106048
171458135,2026-06-08T17:43:26.586318+00:00,sell,0.08642,246.1,21.267962
171458134,2026-06-08T17:43:26.586318+00:00,sell,0.08642,244.5,21.12969
171458133,2026-06-08T17:43:26.586318+00:00,sell,0.08642,12.8,1.106176
171458136,2026-06-08T17:43:28.793895+00:00,sell,0.08642,343.7,29.702554
171458137,2026-06-08T17:43:40.777807+00:00,sell,0.08642,225.7,19.504994
171458138,2026-06-08T17:43:45.988360+00:00,sell,0.08643,12.8,1.106304
171458141,2026-06-08T17:43:49.110367+00:00,sell,0.08645,1098.8,94.99126
171458140,2026-06-08T17:43:49.110367+00:00,sell,0.08645,12.8,1.10656
171458139,2026-06-08T17:43:49.110367+00:00,sell,0.08644,12.8,1.106432
171458142,2026-06-08T17:43:52.991630+00:00,sell,0.08644,57.3,4.953012
171458143,2026-06-08T17:44:09.459100+00:00,buy,0.08644,850,73.474
171458144,2026-06-08T17:44:10.874594+00:00,buy,0.08644,2313.5,199.97894
171458147,2026-06-08T17:44:12.934067+00:00,sell,0.08646,261.3,22.591998
171458146,2026-06-08T17:44:12.934067+00:00,sell,0.08646,214.6,18.554316
171458145,2026-06-08T17:44:12.934067+00:00,sell,0.08646,12.8,1.106688
171458149,2026-06-08T17:44:16.931204+00:00,buy,0.08646,255.5,22.09053
171458148,2026-06-08T17:44:16.931204+00:00,buy,0.08646,333.7,28.851702
171458150,2026-06-08T17:44:22.881677+00:00,sell,0.08647,12.8,1.106816
171458153,2026-06-08T17:44:22.903686+00:00,sell,0.08648,210.7,18.221336
171458152,2026-06-08T17:44:22.903686+00:00,sell,0.08648,173,14.96104
171458151,2026-06-08T17:44:22.903686+00:00,sell,0.08648,12.8,1.106944
171458157,2026-06-08T17:44:27.765658+00:00,sell,0.08649,42757.2,3698.070228
171458156,2026-06-08T17:44:27.765658+00:00,sell,0.08649,3702,320.18598
171458155,2026-06-08T17:44:27.765658+00:00,sell,0.08649,8250,713.5425
171458154,2026-06-08T17:44:27.765658+00:00,sell,0.08649,12.8,1.107072
171458158,2026-06-08T17:44:31.983783+00:00,buy,0.08648,2312.4,199.976352
171458160,2026-06-08T17:44:47.675161+00:00,sell,0.08649,75,6.48675
171458159,2026-06-08T17:44:47.675161+00:00,sell,0.08649,47.2,4.082328
171458164,2026-06-08T17:45:00.745185+00:00,sell,0.0865,169.6,14.6704
171458163,2026-06-08T17:45:00.745185+00:00,sell,0.0865,139.5,12.06675
171458162,2026-06-08T17:45:00.745185+00:00,sell,0.0865,12.8,1.1072
171458161,2026-06-08T17:45:00.745185+00:00,sell,0.0865,489.7,42.35905
171458165,2026-06-08T17:45:00.756210+00:00,sell,0.0865,0.1,0.00865
171458168,2026-06-08T17:45:01.273725+00:00,sell,0.08651,169.6,14.672096
171458167,2026-06-08T17:45:01.273725+00:00,sell,0.08651,12.8,1.107328
171458166,2026-06-08T17:45:01.273725+00:00,sell,0.08651,326.7,28.262817
171458169,2026-06-08T17:45:01.301864+00:00,sell,0.08651,0.1,0.008651
171458170,2026-06-08T17:45:08.281494+00:00,sell,0.08652,12.8,1.107456
171458172,2026-06-08T17:45:08.303936+00:00,sell,0.08653,102.7,8.886631
171458171,2026-06-08T17:45:08.303936+00:00,sell,0.08653,12.8,1.107584
171458174,2026-06-08T17:45:08.335648+00:00,sell,0.08654,12.8,1.107712
171458173,2026-06-08T17:45:08.335648+00:00,sell,0.08653,0.1,0.008653
171458175,2026-06-08T17:45:15.420609+00:00,buy,0.08654,11663.5,1009.35929
171458176,2026-06-08T17:45:15.431386+00:00,buy,0.08654,31209.4,2700.861476
171458178,2026-06-08T17:45:19.434254+00:00,buy,0.08652,20221.1,1749.529572
171458177,2026-06-08T17:45:19.434254+00:00,buy,0.08652,12.8,1.107456
171458179,2026-06-08T17:45:19.444893+00:00,buy,0.08652,3453.8,298.822776
171458180,2026-06-08T17:45:19.454544+00:00,buy,0.08652,0.1,0.008652
171458181,2026-06-08T17:45:25.162288+00:00,buy,0.08651,12.8,1.107328
171458182,2026-06-08T17:45:30.017444+00:00,buy,0.0865,12.8,1.1072
171458183,2026-06-08T17:45:34.339652+00:00,buy,0.08649,12.8,1.107072
171458184,2026-06-08T17:45:37.797627+00:00,buy,0.08648,12.8,1.106944
171458185,2026-06-08T17:45:37.808552+00:00,buy,0.08647,12.8,1.106816
171458186,2026-06-08T17:45:38.454683+00:00,buy,0.08646,12.8,1.106688
171458187,2026-06-08T17:45:38.561063+00:00,buy,0.08645,12.8,1.10656
171458188,2026-06-08T17:45:38.603771+00:00,buy,0.08644,12.8,1.106432
171458189,2026-06-08T17:45:42.716816+00:00,sell,0.08644,39.1,3.379804
171458190,2026-06-08T17:45:45.920421+00:00,buy,0.08643,12.8,1.106304
171458193,2026-06-08T17:45:51.615478+00:00,sell,0.08645,749.3,64.776985
171458192,2026-06-08T17:45:51.615478+00:00,sell,0.08644,82.3,7.114012
171458191,2026-06-08T17:45:51.615478+00:00,sell,0.08644,112.1,9.689924
171458196,2026-06-08T17:45:54.355415+00:00,sell,0.08645,66.2,5.72299
171458195,2026-06-08T17:45:54.355415+00:00,sell,0.08645,90,7.7805
171458194,2026-06-08T17:45:54.355415+00:00,sell,0.08645,12.8,1.10656
171458197,2026-06-08T17:45:58.518875+00:00,sell,0.08646,0.1,0.008646
171458199,2026-06-08T17:46:00.181334+00:00,sell,0.08646,53.1,4.591026
171458198,2026-06-08T17:46:00.181334+00:00,sell,0.08646,12.7,1.098042
171458200,2026-06-08T17:46:01.492253+00:00,sell,0.08647,12.8,1.106816
171458203,2026-06-08T17:46:01.656651+00:00,sell,0.08648,72.3,6.252504
171458202,2026-06-08T17:46:01.656651+00:00,sell,0.08648,53.1,4.592088
171458201,2026-06-08T17:46:01.656651+00:00,sell,0.08648,12.8,1.106944
171458204,2026-06-08T17:46:03.173386+00:00,sell,0.08649,12.8,1.107072
171458205,2026-06-08T17:46:03.573703+00:00,sell,0.0865,12.8,1.1072
171458209,2026-06-08T17:46:05.992397+00:00,sell,0.08651,211.6,18.305516
171458208,2026-06-08T17:46:05.992397+00:00,sell,0.08651,32.2,2.785622
171458207,2026-06-08T17:46:05.992397+00:00,sell,0.08651,12.8,1.107328
171458206,2026-06-08T17:46:05.992397+00:00,sell,0.0865,1990.3,172.16095
171458211,2026-06-08T17:46:07.700672+00:00,buy,0.0865,3681,318.4065
171458210,2026-06-08T17:46:07.700672+00:00,buy,0.0865,2325.5,201.15575
171458212,2026-06-08T17:46:18.592970+00:00,sell,0.08652,12.8,1.107456
171458213,2026-06-08T17:46:19.353136+00:00,sell,0.08653,12.8,1.107584
171458214,2026-06-08T17:46:19.669874+00:00,buy,0.08653,63.1,5.460043
171458215,2026-06-08T17:46:20.885378+00:00,sell,0.08654,12.8,1.107712
171458219,2026-06-08T17:46:22.843627+00:00,sell,0.08656,9.3,0.805008
171458218,2026-06-08T17:46:22.843627+00:00,sell,0.08656,12.8,1.107968
171458217,2026-06-08T17:46:22.843627+00:00,sell,0.08655,12.8,1.10784
171458216,2026-06-08T17:46:22.843627+00:00,sell,0.08655,419.5,36.307725
171458221,2026-06-08T17:46:37.168963+00:00,buy,0.08652,20,1.7304
171458220,2026-06-08T17:46:37.168963+00:00,buy,0.08652,12.8,1.107456
171458222,2026-06-08T17:47:06.080780+00:00,sell,0.08655,12.8,1.10784
171458224,2026-06-08T17:47:09.985844+00:00,sell,0.08656,12.8,1.107968
171458223,2026-06-08T17:47:09.985844+00:00,sell,0.08656,504.4,43.660864
171458225,2026-06-08T17:47:11.345738+00:00,sell,0.08657,1.3,0.112541
171458228,2026-06-08T17:47:12.911647+00:00,sell,0.08657,26.1,2.259477
171458227,2026-06-08T17:47:12.911647+00:00,sell,0.08657,12.8,1.108096
171458226,2026-06-08T17:47:12.911647+00:00,sell,0.08657,3.1,0.268367
171458230,2026-06-08T17:47:14.506541+00:00,buy,0.08656,1654.3,143.196208
171458229,2026-06-08T17:47:14.506541+00:00,buy,0.08656,3933.1,340.449136
171458237,2026-06-08T17:47:18.097874+00:00,buy,0.08654,1877.2,162.452888
171458236,2026-06-08T17:47:18.097874+00:00,buy,0.08654,3247.2,281.012688
171458235,2026-06-08T17:47:18.097874+00:00,buy,0.08654,4917,425.51718
171458234,2026-06-08T17:47:18.097874+00:00,buy,0.08654,1501.7,129.957118
171458233,2026-06-08T17:47:18.097874+00:00,buy,0.08654,921.6,79.755264
171458232,2026-06-08T17:47:18.097874+00:00,buy,0.08654,12.8,1.107712
171458231,2026-06-08T17:47:18.097874+00:00,buy,0.08655,12.8,1.10784
171458238,2026-06-08T17:47:18.254961+00:00,sell,0.08655,114.4,9.90132
171458244,2026-06-08T17:47:19.141495+00:00,buy,0.08652,1500,129.78
171458243,2026-06-08T17:47:19.141495+00:00,buy,0.08652,5765.5,498.83106
171458242,2026-06-08T17:47:19.141495+00:00,buy,0.08652,12.8,1.107456
171458241,2026-06-08T17:47:19.141495+00:00,buy,0.08652,3472.7,300.458004
171458240,2026-06-08T17:47:19.141495+00:00,buy,0.08652,3258.6,281.934072
171458239,2026-06-08T17:47:19.141495+00:00,buy,0.08653,12.8,1.107584
171458248,2026-06-08T17:47:19.866985+00:00,buy,0.08651,4599.4,397.894094
171458247,2026-06-08T17:47:19.866985+00:00,buy,0.08651,3304.3,285.854993
171458246,2026-06-08T17:47:19.866985+00:00,buy,0.08651,3723.1,322.085381
171458245,2026-06-08T17:47:19.866985+00:00,buy,0.08651,12.8,1.107328
171458251,2026-06-08T17:47:21.765020+00:00,buy,0.08649,984.3,85.132107
171458250,2026-06-08T17:47:21.765020+00:00,buy,0.08649,12.8,1.107072
171458249,2026-06-08T17:47:21.765020+00:00,buy,0.0865,12.8,1.1072
171458255,2026-06-08T17:47:28.922591+00:00,buy,0.08648,1231.5,106.50012
171458254,2026-06-08T17:47:28.922591+00:00,buy,0.08648,9746.6,842.885968
171458253,2026-06-08T17:47:28.922591+00:00,buy,0.08648,8487.7,734.016296
171458252,2026-06-08T17:47:28.922591+00:00,buy,0.08648,12.8,1.106944
171458256,2026-06-08T17:47:29.935392+00:00,sell,0.08648,3343.6,289.154528
171458258,2026-06-08T17:47:31.850093+00:00,sell,0.08649,20.9,1.807641
171458257,2026-06-08T17:47:31.850093+00:00,sell,0.08649,58.7,5.076963
171458259,2026-06-08T17:47:32.217865+00:00,sell,0.0865,58.7,5.07755
171458260,2026-06-08T17:47:34.591067+00:00,sell,0.08651,0.7,0.060557
171458263,2026-06-08T17:47:51.098148+00:00,sell,0.08652,12.3,1.064196
171458262,2026-06-08T17:47:51.098148+00:00,sell,0.08651,16.7,1.444717
171458261,2026-06-08T17:47:51.098148+00:00,sell,0.08651,12.1,1.046771
171458264,2026-06-08T17:47:57.103636+00:00,buy,0.0865,1167.6,100.9974
171458267,2026-06-08T17:48:01.843733+00:00,sell,0.08652,13.4,1.159368
171458266,2026-06-08T17:48:01.843733+00:00,sell,0.08652,35.2,3.045504
171458265,2026-06-08T17:48:01.843733+00:00,sell,0.08652,0.5,0.04326
171458269,2026-06-08T17:48:03.553739+00:00,sell,0.08653,28.2,2.440146
171458268,2026-06-08T17:48:03.553739+00:00,sell,0.08653,12.8,1.107584
171458270,2026-06-08T17:48:04.420377+00:00,sell,0.08654,12.8,1.107712
171458276,2026-06-08T17:48:12.369485+00:00,sell,0.08658,201.4,17.437212
171458275,2026-06-08T17:48:12.369485+00:00,sell,0.08657,22.6,1.956482
171458274,2026-06-08T17:48:12.369485+00:00,sell,0.08657,12.8,1.108096
171458273,2026-06-08T17:48:12.369485+00:00,sell,0.08656,12.8,1.107968
171458272,2026-06-08T17:48:12.369485+00:00,sell,0.08655,22.6,1.95603
171458271,2026-06-08T17:48:12.369485+00:00,sell,0.08655,12.8,1.10784
171458280,2026-06-08T17:48:15.679499+00:00,buy,0.08655,10797.8,934.54959
171458279,2026-06-08T17:48:15.679499+00:00,buy,0.08655,8487.7,734.610435
171458278,2026-06-08T17:48:15.679499+00:00,buy,0.08655,3676.5,318.201075
171458277,2026-06-08T17:48:15.679499+00:00,buy,0.08655,3771.6,326.43198
171458281,2026-06-08T17:48:40.586820+00:00,buy,0.08655,5,0.43275
171458282,2026-06-08T17:48:44.156216+00:00,buy,0.08655,1637.1,141.691005
171458283,2026-06-08T17:48:44.195556+00:00,buy,0.08654,1559.1,134.924514
171458284,2026-06-08T17:48:49.156803+00:00,buy,0.08653,12.8,1.107584
171458285,2026-06-08T17:48:51.192261+00:00,buy,0.08652,12.8,1.107456
171458286,2026-06-08T17:48:54.084024+00:00,sell,0.08652,363.4,31.441368
171458287,2026-06-08T17:48:59.128051+00:00,buy,0.08651,12.8,1.107328
171458288,2026-06-08T17:49:08.107465+00:00,sell,0.08653,12.8,1.107584
171458289,2026-06-08T17:49:10.303197+00:00,sell,0.08654,12.8,1.107712
171458290,2026-06-08T17:49:13.331479+00:00,sell,0.08655,12.8,1.10784
171458291,2026-06-08T17:49:15.566429+00:00,sell,0.08656,12.8,1.107968
171458292,2026-06-08T17:49:18.729164+00:00,sell,0.08657,12.8,1.108096
171458294,2026-06-08T17:49:18.730419+00:00,sell,0.08658,12.8,1.108224
171458293,2026-06-08T17:49:18.730419+00:00,sell,0.08658,46.4,4.017312
171458296,2026-06-08T17:49:18.740511+00:00,sell,0.08659,13.5,1.168965
171458295,2026-06-08T17:49:18.740511+00:00,sell,0.08659,12.8,1.108352
171458297,2026-06-08T17:49:22.940580+00:00,sell,0.08658,385.2,33.350616
171458299,2026-06-08T17:49:26.797062+00:00,sell,0.08657,3304.2,286.044594
171458298,2026-06-08T17:49:26.797062+00:00,sell,0.08657,3875.8,335.528006
171458300,2026-06-08T17:49:30.290966+00:00,buy,0.08657,1166.8,101.009876
171458301,2026-06-08T17:49:37.206307+00:00,sell,0.08659,8.6,0.744674
171458305,2026-06-08T17:49:48.434276+00:00,sell,0.08661,2160.5,187.120905
171458304,2026-06-08T17:49:48.434276+00:00,sell,0.08661,12.8,1.108608
171458303,2026-06-08T17:49:48.434276+00:00,sell,0.0866,12.8,1.10848
171458302,2026-06-08T17:49:48.434276+00:00,sell,0.08659,4.2,0.363678
171458306,2026-06-08T17:50:01.715332+00:00,buy,0.08659,7832.4,678.207516
171458307,2026-06-08T17:50:02.189421+00:00,sell,0.0866,12.8,1.10848
171458308,2026-06-08T17:50:03.308001+00:00,sell,0.08661,12.8,1.108608
171458311,2026-06-08T17:50:03.554590+00:00,sell,0.08663,1054.9,91.385987
171458310,2026-06-08T17:50:03.554590+00:00,sell,0.08663,12.7,1.100201
171458309,2026-06-08T17:50:03.554590+00:00,sell,0.08662,12.7,1.100074
171458312,2026-06-08T17:50:03.565160+00:00,sell,0.08663,0.1,0.008663
171458313,2026-06-08T17:50:17.169754+00:00,buy,0.08661,12.8,1.108608
171458315,2026-06-08T17:50:18.832483+00:00,buy,0.0866,8250,714.45
171458314,2026-06-08T17:50:18.832483+00:00,buy,0.0866,12.8,1.10848
171458316,2026-06-08T17:50:34.136159+00:00,buy,0.08659,12.8,1.108352
171458317,2026-06-08T17:50:34.434120+00:00,buy,0.08658,12.8,1.108224
171458318,2026-06-08T17:50:52.902221+00:00,sell,0.0866,12.8,1.10848
171458319,2026-06-08T17:51:08.400769+00:00,sell,0.08661,12.8,1.108608
171458320,2026-06-08T17:51:11.296822+00:00,sell,0.08662,12.7,1.100074
171458321,2026-06-08T17:51:24.028813+00:00,sell,0.08661,1143.1,99.003891
171458322,2026-06-08T17:51:24.590073+00:00,buy,0.0866,12.8,1.10848
171458331,2026-06-08T17:51:36.697435+00:00,buy,0.08657,28.2,2.441274
171458330,2026-06-08T17:51:36.697435+00:00,buy,0.08657,12.8,1.108096
171458329,2026-06-08T17:51:36.697435+00:00,buy,0.08658,15,1.2987
171458328,2026-06-08T17:51:36.697435+00:00,buy,0.08658,12.8,1.108224
171458327,2026-06-08T17:51:36.697435+00:00,buy,0.08659,15,1.29885
171458326,2026-06-08T17:51:36.697435+00:00,buy,0.08659,15,1.29885
171458325,2026-06-08T17:51:36.697435+00:00,buy,0.08659,16.1,1.394099
171458324,2026-06-08T17:51:36.697435+00:00,buy,0.08659,13.8,1.194942
171458323,2026-06-08T17:51:36.697435+00:00,buy,0.08659,12.8,1.108352
171458332,2026-06-08T17:51:37.144847+00:00,sell,0.08659,45.7,3.957163
171458333,2026-06-08T17:51:48.204245+00:00,sell,0.08659,273.8,23.708342
171458334,2026-06-08T17:51:56.242574+00:00,sell,0.0866,12.8,1.10848
171458335,2026-06-08T17:51:56.696036+00:00,sell,0.08661,12.8,1.108608
171458336,2026-06-08T17:51:56.809570+00:00,buy,0.08661,1069.9,92.664039
171458337,2026-06-08T17:51:59.230891+00:00,sell,0.0866,2468,213.7288
171458338,2026-06-08T17:52:03.853979+00:00,sell,0.08662,12.7,1.100074
171458339,2026-06-08T17:52:07.658379+00:00,sell,0.08661,2468,213.75348
171458340,2026-06-08T17:52:08.232102+00:00,sell,0.08661,2468,213.75348
171458341,2026-06-08T17:52:08.276609+00:00,sell,0.08661,836.8,72.475248
171458344,2026-06-08T17:52:14.738174+00:00,sell,0.08664,4987.3,432.099672
171458343,2026-06-08T17:52:14.738174+00:00,sell,0.08664,12.7,1.100328
171458342,2026-06-08T17:52:14.738174+00:00,sell,0.08663,12.7,1.100201
171458345,2026-06-08T17:52:14.738187+00:00,sell,0.08664,12.7,1.100328
171458346,2026-06-08T17:52:28.879583+00:00,sell,0.08663,21.1,1.827893
171458347,2026-06-08T17:52:36.309721+00:00,sell,0.08664,8250,714.78
171458349,2026-06-08T17:52:49.154700+00:00,sell,0.08665,293.1,25.397115
171458348,2026-06-08T17:52:49.154700+00:00,sell,0.08665,12.7,1.100455
171458350,2026-06-08T17:52:49.169972+00:00,sell,0.08665,0.1,0.008665
171458352,2026-06-08T17:52:59.359831+00:00,sell,0.08666,13.9,1.204574
171458351,2026-06-08T17:52:59.359831+00:00,sell,0.08666,12.7,1.100582
